2950 5092
166 573 172 594 ,
308 505 448 604 soeg
574 442 825 575 oroororn.
852 477 983 583 noro.
1005 469 1171 587 rioms
1210 523 1225 546 ·-

307 691 346 760 ad
368 635 548 761 conuiuium
575 693 743 780 aliquando
769 680 914 761 accedes.
952 712 1023 760 nam
1047 712 1107 780 per
1123 701 1156 760 te
1179 691 1294 761 frusino
1308 691 1356 758 bo

178 791 181 802 ¹
305 805 340 876 ni
367 807 511 878 aderunt.
582 807 654 874 Hiis
680 807 762 874 enim
795 807 946 876 doiirinis
968 829 1044 893 quas
1072 806 1155 892 petis
1176 807 1228 874 iric
1247 802 1357 890 prorsus

298 941 453 1003 caremus,
475 939 515 986 ex
540 939 602 1007 quo
624 915 782 988 scitonec
805 931 875 990 mea
897 923 1091 1008 problemata
1112 921 1249 1007 proponi
1269 906 1358 1002 posse:

267 1029 273 1047 '
303 1053 364 1105 ricc
385 1043 437 1100 tua
458 1033 592 1102 dissolui.
652 1035 717 1104 Sed
742 1051 777 1104 ut
803 1037 946 1106 amicicie
968 1035 1056 1104 causa
1082 1035 1203 1122 aliquid
1229 1031 1360 1108 scribam,

303 1143 656 1235 reliquiisuuibusdam
675 1163 780 1220 tecum
804 1169 903 1235 agam.
968 1150 1033 1218 Sed
1058 1149 1147 1236 prius
1175 1146 1270 1216 uelim
1295 1141 1361 1210 scias

301 1282 354 1332 rue
369 1263 448 1333 iilud
469 1261 564 1332 unum
586 1261 732 1332 admirari
757 1259 875 1332 solere=
899 1265 987 1351 quod
1013 1285 1063 1332 me
1085 1262 1163 1348 post.
1177 1277 1283 1329 cenam
1307 1258 1363 1324 ani-

301 1378 347 1450 mi
372 1375 471 1464 gratia
496 1377 536 1447 ad
556 1375 628 1484 solis
650 1375 849 1463 splendorem
870 1379 1037 1448 dusturum
1062 1379 1186 1446 aiebas:
1207 1389 1245 1444 ut
1265 1371 1362 1462 phisici

159 1519 160 1530 ¹
300 1494 443 1562 docent:
480 1491 535 1578 ipss
562 1492 644 1560 onim
672 1489 742 1578 post
769 1493 941 1560 medicinas
970 1493 1176 1566 confortantia
1198 1492 1363 1575 adducunt²

300 1615 337 1676 iu
354 1627 451 1678 uerna
469 1626 547 1692 pace
568 1619 621 1673 tua
634 1605 784 1672 dixeritne
806 1606 918 1673 ordine
933 1605 1084 1698 peruerse
1101 1591 1306 1690 postnosiram
1320 1623 1361 1666 ce·

299 1688 512 1793 andbeitan
538 1720 665 1788 indicis.
707 1719 835 1816 Deinde
854 1720 973 1787 insesso
1000 1720 1106 1789 Nobis
1129 1739 1205 1806 crgo
1232 1715 1361 1786 amicitii-

299 1835 360 1904 mis'
382 1847 502 1904 certare
523 1855 585 1902 non
606 1835 697 1902 licet:
724 1830 781 1902 sed
800 1809 904 1902 tdmen
924 1831 1008 1902 inter
1032 1853 1090 1902 nos
1111 1849 1185 1904 ante
1206 1853 1312 1920 cenam
1331 1832 1363 1898 ie

302 1951 401 2020 anilce
423 1954 651 2042 colloquemur.
830 1939 833 1945 ’

256 2157 290 2238 *i
403 2175 525 2243 Dedisti
551 2180 682 2262 figuram
712 2173 971 2260 interrogationis
999 2185 1054 2243 tue
1082 2196 1145 2262 que
1172 2173 1217 2242 16
1244 2173 1364 2265 gradum

207 2261 219 2288 '
301 2297 334 2356 ‘et
358 2278 417 2378 37.x
439 2291 594 2358 minutum
615 2293 645 2355 in
670 2287 857 2356 aseendente
881 2286 1030 2356 iubebat.
1072 2304 1104 2360 et
1124 2293 1158 2360 in
1182 2289 1312 2377 cuspide
1333 2289 1364 2351 fi·

298 2403 499 2482 lictum,=r8
527 2407 680 2472 minutum
711 2403 834 2490 septimi
861 2404 976 2491 gradus
996 2403 1140 2488 uirginis.
1171 2418 1203 2472 et
1227 2401 1365 2488 cuspides

228 2508 231 2516 ’
291 2501 423 2584 'ceteras
449 2538 520 2586 cum
540 2517 705 2605 latitudine
731 2517 870 2600 regionis
892 2517 1021 2604 petiisti.
1042 2583 1046 2592 ,
1072 2519 1195 2604 Accipe
1218 2538 1294 2602 ergo
1314 2535 1364 2603 pro

165 2699 168 2706 ⁴
297 2633 424 2716 ungulis
453 2627 646 2718 cuspidibus.
691 2615 727 2702 ln
756 2630 943 2701 aseendente
972 2632 1104 2717 gradum
1134 2628 1189 2702 16.
1215 2633 1364 2701 minutum

298 2761 361 2834 37.
389 2745 503 2829 thauri,
535 2749 575 2834 Jn
596 2753 667 2816 ioco
689 2746 757 2814 sub.
782 2749 873 2834 grad.
906 2762 946 2812 η
976 2746 1053 2814 min.
1083 2763 1138 2836 32.
1162 2747 1224 2814 sec.
1250 2763 1290 2835 3¹
1319 2763 1365 2829 ge

296 2861 468 2934 minorum.
535 2869 569 2930 in
594 2865 665 2929 loco
695 2865 826 2932 flatrum
856 2863 989 2950 gradum
1012 2877 1048 2946 7.
1073 2882 1117 2933 m.
1148 2867 1203 2939 18.
1216 2842 1287 2932 see.
1316 2877 1365 2946 50.

140 3061 149 3072 ⁸
298 2962 446 3074 Caneri!
472 2977 508 3044 ln
528 2982 641 3062 angulo
656 2989 741 3045 terre
763 2979 895 3064 gradum
919 2992 949 3039 2.
970 2977 1046 3050 min.
1071 2993 1128 3061 51.
1148 2975 1213 3047 sec.
1236 2993 1283 3065 49
1309 2982 1367 3046 leo-

153 3069 160 3088 ’
280 3111 359 3216 Q·
400 3095 435 3160 ln
462 3089 754 3179 cuspidefiliorum
781 3092 912 3175 gradum
941 3087 1159 3161 6.·minutum
1189 3086 1247 3172 1'8.
1274 3091 1365 3174 uirgi·

222 3277 227 3285 ,
294 3206 359 3274 nis.
403 3207 437 3273 in
464 3205 594 3294 cuspide
621 3205 833 3274 infirmitatum
859 3206 993 3290 gradum
1023 3221 1076 3269 12.
1111 3209 1188 3278 min.
1217 3225 1251 3292 7,
1279 3208 1364 3276 libra

295 3317 338 3388 Et
354 3317 414 3384 hec
434 3317 467 3386 in
488 3318 634 3402 Reginos
658 3319 691 3386 in
712 3339 774 3406 qua
799 3319 892 3386 Polus
913 3316 1006 3405 supra
1026 3319 1179 3392 circulum
1204 3319 1363 3413 emisperij

211 3441 215 3448 '
296 3433 431 3506 aeuitur
456 3434 609 3518 gradibus
633 3447 688 3520 30,
709 3432 787 3506 min.
819 3447 864 3518 14
882 3431 943 3503 see.
970 3447 1031 3520 45.
1058 3436 1154 3507 fere..

378 3650 533 3730 Pretereaf
552 3664 687 3748 eundem
716 3662 867 3751 punitum
889 3642 1060 3752 ecliptice:
1093 3664 1222 3736 duobus
1244 3665 1365 3734 orizon·

298 3769 384 3844 tibus
409 3797 469 3864 pro
491 3779 603 3848 eodem
623 3778 747 3848 instanti
768 3778 867 3848 iness‘e
884 3797 984 3864 negor
1021 3779 1172 3850 Pontium
1193 3801 1274 3851 nero
1296 3779 1366 3848 ecli-

295 3893 383 3998 price
403 3904 522 3962 motum
540 3893 580 3960 ab
605 3893 747 3962 orizonte
767 3893 981 3962 Romanorum
1002 3895 1042 3963 ad
1061 3896 1240 3964 orizontem
1261 3898 1366 3964 Erfur-

293 4003 351 4084 die
377 4005 409 4080 in
436 4005 540 4100 spacio
562 4021 580 4094 3
588 4021 605 4098 3
629 4007 838 4090 minutorum,
882 4020 916 4079 et
935 3989 987 4093 40⁴
1009 4004 1079 4085 sec'
1102 4010 1181 4079 hore
1206 4009 1366 4100 quendam

1261 4141 1366 4195 arcum
