2950 5092
770 152 781 197 Ι

337 461 492 546 norsr.
518 440 945 566 nnuromounnun
1038 521 1045 538 ,
1122 477 1191 560 or

136 657 374 730 niturabonainio
398 653 584 745 cuiuspiam·
605 665 711 726 utrum
733 653 847 726 horum
872 656 1058 754 angulorum
1079 653 1194 730 allani·

136 773 202 840 labis
219 775 287 842 loeo
308 775 434 862 planete
453 771 577 842 sextum
596 771 677 840 tauri
700 773 832 856 gradum
853 767 1037 858 possidentis
1059 778 1112 860 qui
1134 773 1194 844 sei·
1247 768 1252 781 '
1310 820 1318 834 ,

135 888 198 956 licet
217 893 247 958 in
267 887 352 957 coitu
372 865 433 960 aut'
451 883 596 974 oppositu
619 879 821 952 luminarium
841 887 988 971 proximo
1013 890 1193 974 genituram

135 1002 310 1086 precedente
332 1015 456 1072 ceteros
477 999 666 1088 potestatum
685 999 889 1070 multitudine
906 1001 1025 1072 uicitw?
1067 1005 1209 1090 Vocant‘

134 1117 243 1186 arabico
271 1115 447 1188 animodar.
617 1089 620 1112 ¹
1058 1112 1064 1122 ’

201 1261 340 1350 Quodsi
362 1261 402 1331 ab
427 1257 647 1332 huiuscemodi
664 1259 761 1330 rebor
779 1259 915 1330 'incertis
939 1275 1035 1352 atque
1056 1267 1193 1338 inextri.

134 1373 273 1443 rabilibus
294 1361 447 1444 abhorres
463 1377 609 1464 fragilem
630 1377 758 1462 penitus
775 1374 972 1454 iudiciariam
993 1393 1079 1449 ratur
1099 1381 1195 1452 astro·

131 1489 242 1571 logiam,
265 1491 321 1558 die
345 1485 442 1577 queso
468 1489 666 1562 latitudinem
687 1491 900 1570 habitationis‘
913 1493 969 1562 ubi
990 1494 1099 1564 ostano
1122 1518 1196 1569 ean·

133 1605 169 1671 eri
193 1607 292 1688 gradu
319 1611 430 1674 eaiorto
455 1605 581 1676 oilauus
597 1585 735 1692 'piscium
758 1613 789 1673 in
809 1607 984 1677 meridiano
1001 1613 1201 1700 reperiatur:

131 1713 162 1784 Id
185 1718 262 1786 enirn
288 1717 476 1790 astronomia
495 1719 708 1810 quadruuialis
734 1719 896 1808 opificium
918 1722 972 1796 est.
1034 1726 1192 1813 Suppouo

134 1847 226 1901 aurem
264 1835 414 1905 exercitii
439 1835 540 1920 gratia
571 1837 736 1904 maximam
767 1831 840 1904 solia
864 1835 1107 1909 declinationem
1145 1854 1193 1938 24

136 1947 286 2030 marinum.
322 1999 325 2017 .

196 2097 289 2172 *Vrbe
306 2069 401 2168 roma
421 2091 653 2181 longitudinem
672 2091 771 2166 habet
783 2077 831 2169 'ab
852 2099 1019 2170 occidente
1040 2083 1258 2190 graduumC.

133 2221 168 2298 35
188 2227 218 2284 et
236 2211 436 2286 latitudinem
457 2211 498 2279 ab
525 2211 722 2298 equinodiali
745 2227 806 2296 420
832 2209 1012 2298 graduuma
1049 2218 1195 2315 erfordia
1258 2233 1266 2310 j

130 2343 196 2396 uero
216 2327 448 2413 longitudinem
472 2337 517 2412 27
552 2327 707 2411 graduum
734 2324 998 2419 latitudinemque
1026 2345 1085 2420 5¹.
1118 2331 1197 2417 (hor
1264 2340 1268 2355 '

131 2443 246 2527 quidem
264 2461 416 2516 numeros
442 2443 582 2530 exempli
604 2439 703 2523 gratia
728 2435 815 2508 sumo
836 2444 898 2512 srue
921 2446 1001 2514 certi
1020 2447 1095 2530 sort,
1130 2449 1194 2519 tine

129 2557 274 2645 ambigui)
318 2559 428 2648 Quoto
450 2553 587 2648 possitne
608 2552 695 2624 idam
716 2553 865 2642 ecliptire
892 2559 1028 2646 pondua
1055 2557 1195 2650 reperiri

128 2669 201 2741 simul
219 2675 252 2744 in
273 2669 440 2762 utriusque
458 2669 557 2764 ,urbis
583 2679 741 2770 orizonte.
778 2669 858 2739 Etsi
883 2671 1031 2759 possibile
1057 2675 1101 2743 est
1121 2681 1194 2765 quio

129 2783 157 2852 it
175 2781 236 2862 ille.
278 2785 398 2880 Quodsi
423 2785 489 2855 duo
515 2783 587 2854 talia
613 2785 728 2873 puritia
757 2785 876 2854 offendi
903 2787 1028 2874 possunt
1052 2809 1117 2879 que
1137 2792 1195 2864 snt

129 2895 184 2970 illa.
222 2903 337 2976 Soluto
358 2914 462 2972 autern
483 2897 785 2991 problematehaud
808 2898 943 2970 dubium
964 2901 1024 2973 erit
1044 2906 1123 2975 duaa
1141 2906 1197 2976 ha·
1289 2971 1297 2992 s

129 3013 292 3090 bitationer'
306 3017 404 3087 immo
426 3015 608 3084 innumeras
633 3027 696 3084 tam
717 3008 924 3100 longitudine
938 3033 1032 3102 quam
1052 3016 1196 3090 latitudi-

129 3143 162 3196 ne
180 3129 319 3202 diuersas
346 3129 381 3199 in
408 3111 595 3200 aseendente
626 3128 778 3219 quopiam
807 3145 1011 3200 eornmeater
1054 3150 1118 3220 que
1141 3143 1197 3206 ἕω

129 3261 315 3336 quantopere
333 3242 495 3316 indicibus
524 3241 748 3332 perspicienda
770 3243 822 3327 lit,
860 3245 954 3315 facile
976 3244 1112 3338 quisque
1136 3251 1199 3321 da·⁴

129 3373 236 3433 cernet.

199 3507 298 3578 Stella
316 3509 453 3596 quedam
478 3507 539 3578 fixa
558 3503 729 3578 secundum
752 3502 982 3589 longitudinem
996 3509 1125 3599 quidem
1139 3511 1264 3610 zoen,

126 3617 202 3690 dirui
223 3623 375 3693 obtinens
398 3624 513 3707 gradus
538 3635 577 3711 13
596 3627 670 3690 min.
697 3633 737 3707 ις
763 3619 970 3706 geminorum,
996 3626 1199 3705 latitudinem

128 3747 222 3808 autem
242 3739 407 3808 borealem
435 3744 454 3818 8
479 3741 652 3822 graduum,
676 3732 709 3804 in
732 3736 868 3822 quadam
888 3733 1083 3808 habitatione
1109 3741 1198 3816 oeci.

128 3849 170 3918 dit
193 3873 265 3924 eum
286 3851 439 3940 gradibus
468 3865 487 3920 2
494 3869 511 3942 3
536 3853 754 3944 geminorum,
796 3850 1091 3952 queritur‘latitudo
1109 3837 1200 3930 illitis
1229 3920 1233 3929 ,

130 3959 337 4040 habitationir.

641 4098 954 4184 Nat?
1156 4100 1325 4181 Si,
