2950 5092
445 259 476 326 l,

307 475 378 566 17⁶
559 408 969 559 BIBLIOTibREIP.
993 473 1118 560 NOR.
1219 465 1223 484 '

303 677 409 753 erupta
434 674 476 745 15
499 663 621 761 ducatis
641 661 860 738 inueniuntur.
889 684 934 755 29
955 669 1086 758 dempta
1107 669 1218 740 radice
1237 672 1375 760 quadra·

299 790 333 848 te
352 778 395 847 ele
416 774 502 866 436.
561 779 678 850 Ducrti
703 793 808 851 autem
828 783 944 870 quibus
969 784 1153 855 emebantur
1178 803 1225 872 27
1245 787 1375 856 brachia

272 963 274 970 ,
298 896 427 966 suerunt
450 907 494 978 29
522 905 554 963 et
574 897 675 965 radix·
690 899 841 984 quadrata
865 901 909 968 de
927 902 1026 988 4362
1058 901 1270 986 intelligendo
1292 905 1375 973 radi·

299 1031 369 1078 cern
394 1010 575 1098 quadratam
598 1023 633 1080 ut
657 1015 757 1096 muris
785 1011 828 1081 eli
853 1015 942 1104 tuqui
970 1017 1004 1084 in
1025 1013 1084 1082 hae
1105 1030 1187 1082 arte:
1224 1037 1296 1084 narn
1315 1039 1376 1086 nu·

298 1145 406 1196 merus
426 1127 481 1193 ilie
501 1119 576 1214 436
600 1145 662 1195 non
683 1125 728 1194 eil
748 1131 931 1216 quadratus.
971 1131 1133 1200 Numeros
1158 1129 1264 1200 auium
1284 1132 1374 1200 reae

298 1238 496 1328 computasti.
541 1241 606 1310 Vns
627 1255 731 1311 sutem
754 1228 904 1313 oonieum'
918 1256 1084 1330 tantopere
1105 1257 1290 1315 euauuatunr
1310 1247 1376 1314 tibi

90 1409 95 1418 .
209 1412 211 1430 ,
298 1352 408 1442 postea
428 1356 585 1455 placebit,
625 1358 682 1426 ubi
710 1357 818 1429 uinurn
852 1359 886 1426 in
912 1381 951 1426 eo
981 1373 1165 1428 contentum
1189 1358 1377 1443 gullruesis,

295 1489 360 1540 nnn
385 1471 468 1539 enim
494 1473 624 1554 uulgare
645 1461 690 1540 est
711 1471 769 1540 sed
787 1474 998 1546 maluatieurn.
1030 1473 1223 1543 Laudandus
1242 1473 1376 1542 dentum

295 1587 372 1656 elset
392 1586 541 1674 pincerna
569 1587 625 1672 qui
656 1603 697 1652 ert
729 1599 772 1668 17
803 1587 889 1652 urnis
915 1587 948 1651 in
982 1587 1116 1656 ueritate
1137 1591 1244 1656 faeere
1268 1587 1374 1676 puiset

295 1719 342 1788 n9
366 1715 398 1770 et
423 1699 543 1786 aliquid
564 1699 717 1784 ampliusr
745 1698 896 1783 equidem
921 1687 1093 1770 'secundum
1113 1703 1266 1772 rationem
1292 1703 1374 1790 pris·

164 1795 166 1802 Α
260 1871 263 1880 .
292 1829 411 1886 matum
432 1826 465 1883 et
489 1814 671 1902 portionum
687 1813 798 1881 circuli
823 1831 886 1880 nnn
907 1814 1036 1910 inuenio
1057 1815 1114 1887 nis
1137 1833 1181 1904 17
1201 1839 1296 1889 urnas
1314 1811 1376 1886 sit«

156 1919 158 1930 ’
292 1928 404 2000 trailas
426 1941 458 2000 et
477 1927 639 1998 minutiam
663 1940 811 2016 quantam
833 1927 992 2014 exiguan
1389 2019 1391 2126 1

379 2155 452 2226 Heu
480 2133 583 2224 libuit
608 2147 691 2222 cirea
723 2149 864 2240 prefatas
894 2147 1160 2242 interrogationes
1183 2148 1369 2225 recensere:

163 2277 165 2284 ’
220 2275 224 2294 ’
291 2293 355 2344 non
380 2273 425 2342 ita
449 2293 502 2340 rne
526 2271 728 2345 deorumst,
765 2267 868 2334 animo
889 2273 1076 2356 arrogandi:
1105 2271 1170 2345 ,sed
1197 2271 1306 2358 potius
1326 2261 1391 2340 ne*

289 2406 378 2455 nrnre
400 2383 598 2472 quorundam
624 2376 731 2450 fe'cisse
756 2396 939 2468 meumes,
973 2386 1029 2472 qui
1051 2383 1227 2470 grauiliinu
1247 2389 1368 2454 ceteris

175 2483 180 2512 '
287 2519 384 2570 onera
408 2500 594 2586 inponunt,
645 2494 700 2582 ipsr
727 2510 832 2564 autern
867 2515 973 2584 neque
998 2501 1082 2566 ferre
1110 2517 1214 2595 neque
1238 2497 1368 2569 soluere

286 2613 426 2702 possunt:
452 2607 525 2682 hine
550 2611 644 2680 etiarn
663 2609 757 2696 piane
776 2612 944 2680 doceberis
964 2633 1058 2700 quant
1080 2612 1182 2683 libens
1201 2610 1235 2684 in
1256 2616 1368 2686 huius·

286 2705 377 2798 modi
404 2730 501 2798 rebus
534 2743 692 2796 exercear.
758 2728 835 2796 Non
862 2725 982 2813 polium
1014 2741 1120 2797 autern
1143 2729 1285 2799 Lucieno
1304 2741 1366 2802 tuo

285 2841 407 2912 absenti
432 2865 495 2912 nun
521 2839 662 2910 misereri
692 2840 748 2930 qui
769 2846 801 2912 in
827 2840 1064 2928 superficierum
1088 2863 1126 2912 ac
1145 2842 1366 2918 distantiarum

282 2953 567 3030 mmsurationlbus
589 2954 767 3045 ceterisque
787 2957 885 3026 rebus
906 2969 1001 3044 eaput
1022 2954 1111 3028 suum
1135 2975 1202 3030 tota
1220 2962 1276 3028 die
1300 2963 1365 3032 ob·

228 3077 231 3091 '
283 3077 411 3146 tundit:
456 3075 538 3144 dure
563 3071 693 3164 uidetur
723 3072 784 3142 else
805 3072 940 3142 ceruicis
961 3073 1012 3142 cui
1038 3077 1116 3142 tales
1136 3056 1188 3142 r‘es
1209 3077 1367 3148 uidentur

281 3189 449 3281 difficiles,
485 3205 548 3275 que
567 3183 673 3272 potius
699 3188 801 3254 anime
830 3185 1071 3258 consolationem
1096 3189 1231 3259 afferunt
1259 3203 1293 3259 et
1319 3192 1389 3262 ad'

280 3323 332 3374 res
357 3301 573 3394 secretissimas
597 3303 741 3390 pandunt
760 3301 836 3371 iter.
877 3303 952 3374 Vbi·
962 3324 1039 3392 ergo
1057 3305 1186 3390 domum
1209 3307 1364 3390 sanlius-it,

280 3419 332 3488 sac
347 3417 493 3488 loannem
511 3433 692 3504 germanum
712 3415 888 3502 eognoscat.
909 3407 1002 3506 spero
1023 3421 1107 3494 eninr
1127 3443 1170 3490 ne
1189 3423 1363 3492 cerebrum

280 3534 435 3620 deinceps
452 3545 593 3604 conterat
601 3531 705 3624 suunt,
726 3533 863 3610 *medelis
877 3531 1054 3604 salubribus
1069 3538 1237 3608 obuenire.
1258 3539 1362 3608 Nune

280 3647 345 3720 tuis
364 3647 565 3736 interrogatis
594 3645 645 3718 uir
666 3643 785 3734 optime
805 3645 999 3734 respondere
1018 3650 1153 3720 iubeor:
1190 3651 1226 3722 id
1250 3665 1362 3723 autern

278 3759 353 3836 satie
377 3766 471 3838 dotto
497 3765 567 3834 tlerl
593 3763 746 3852 prohibet
772 3763 905 3850 penuria
932 3763 1105 3850 librorum,
1148 3780 1181 3838 et
1208 3767 1249 3836 ab
1275 3767 1361 3837 urbe

244 3921 249 3932 .
279 3880 426 3954 remotio,
486 3881 568 3952 Loei
602 3884 696 3950 etiem
728 3882 879 3950 amenitas
901 3900 986 3948 nunc
1011 3901 1062 3948 ine
1096 3895 1184 3954 tenet
1209 3884 1361 3973 incolam,

280 4013 346 4090 qllu
366 3995 494 4088 segnius
514 3999 555 4070 -id
578 3995 652 4082 sat,
705 3993 825 4064 ucealiu
849 3988 896 4062 est
912 3991 949 4068 in
967 3995 1090 4068 balneis
1109 3999 1361 4074 Vmsbieruum

175 4094 181 4124 s
346 4125 350 4132 ,
1321 4123 1360 4184 et
1387 4132 1388 4143 η
