2950 5092
300 497 373 572 140
541 467 800 556 umuolll
830 399 958 554 neu.
987 416 1116 550 nom

273 665 414 750 ¹nationi
434 663 537 734 uestre
562 669 700 738 offeram.
736 663 842 732 tabula
867 662 912 730 eil
932 663 1026 734 unica
1050 663 1178 737 extenst
1196 662 1353 736 seeundum
1383 700 1385 752 ;

294 788 376 854 latua
395 777 597 852 trmsuersalc
618 780 660 848 ab
680 800 743 852 utro
767 780 871 874 gradu
889 777 988 868 usque
1008 781 1051 849 ad
1066 796 1127 866 90·
1142 793 1179 852 ut
1202 782 1353 852 uidebitis.

403 1031 564 1098 Grandem
588 1029 734 1119 inperitia
757 1029 836 1099 milti
862 1029 1031 1100 libidinem
1049 1029 1185 1101 uidendi
1204 1035 1297 1098 floret
1316 1031 1354 1095 al·

290 1143 411 1218 maiesti
436 1165 516 1230 quor
547 1141 737 1228 compilallir
762 1155 796 1210 et
818 1142 881 1211 alia
899 1164 999 1232 opera
1021 1146 1143 1230 uestra,
1190 1147 1306 1216 utinam
1325 1164 1355 1209 ea

220 1296 223 1305 ·
288 1262 369 1330 mihi
394 1261 469 1330 eiset
494 1259 635 1328 conditio
656 1271 693 1326 ut
713 1275 770 1324 ore
789 1259 898 1346 potios
923 1281 1018 1350 quam
1039 1269 1160 1333 calaum
1185 1262 1275 1335 affari
1294 1255 1357 1348 poi·

287 1375 364 1461 sem.
386 1375 466 1444 nihil
486 1373 609 1461 quippe
629 1375 663 1441 in
684 1378 802 1442 mondo
827 1373 891 1461 est,
925 1379 1011 1446 uude
1034 1381 1136 1447 maior
1159 1379 1240 1446 milri
1258 1378 1356 1444 iocun·
1385 1312 1387 1433 i

287 1491 372 1560 ditas
393 1488 584 1557 nasceretur.
627 1491 725 1578 Quod
746 1502 852 1558 autem
875 1495 1088 1580 pronuntiatis
1115 1514 1284 1564 erroneum
1303 1488 1356 1556 elie
1385 1468 1386 1525 ¹

287 1608 420 1676 modum
433 1617 438 1626 ‘
452 1589 637 1674 inueniendi
663 1605 910 1675 declinationem
939 1608 1027 1678 stelle
1055 1614 1118 1678 fixe
1142 1631 1204 1698 per
1223 1604 1357 1680 latitudi·
1386 1618 1388 1653 ¹

288 1743 364 1796 uem
394 1723 415 1790 st
441 1739 535 1806 quam
562 1720 743 1786 habentor
769 1720 1017 1793 declinationem
1046 1727 1118 1795 ueri
1144 1728 1208 1795 loci
1235 1727 1304 1793 eius
1329 1723 1357 1788 in
1386 1664 1388 1761 i

284 1839 436 1926 ecliptica
463 1834 728 1926 quenadmodum
755 1857 820 1906 non
850 1839 930 1906 nolli
962 1837 1104 1935 solelqant
1130 1851 1164 1908 ct
1193 1835 1359 1922 Albategni
1386 1836 1387 1873 ³

283 1954 354 2046 ipse
375 1953 532 2041 precipit,
572 1952 656 2018 benc
683 1943 967 2037 philosophammiss
998 1953 1054 2020 nii
1083 1951 1168 2022 eirim
1187 1955 1278 2024 stella
1296 1950 1347 2040 ips
1387 1968 1389 1989 ³

246 2097 251 2108 ·
280 2071 383 2144 fuerit
405 2070 439 2138 in
455 2065 615 2154 principio
637 2064 745 2130 cancri
766 2077 821 2130 aut
842 2057 1021 2150 capricorni
1040 2087 1210 2156 nunquam
1225 2071 1357 2139 latitudo
1387 2064 1388 2107 i

282 2189 372 2258 stelle
388 2196 420 2252 et
437 2180 608 2252 declinatio
627 2179 696 2245 ueri
709 2180 773 2244 loci
787 2180 856 2245 ciue
871 2178 906 2246 in
921 2179 1070 2266 ecliptica
1083 2179 1156 2250 sont
1171 2183 1206 2251 in
1222 2206 1286 2253 una
1302 2184 1357 2248 cir·
1388 2254 1389 2293 1

281 2303 348 2370 culi
368 2294 624 2366 circumferentia
643 2291 699 2360 sed
719 2291 845 2379 semper
864 2297 1057 2377 angulariter
1077 2315 1285 2381 concurrunt,
1306 2320 1357 2366 un·

279 2419 325 2487 de
347 2418 479 2482 alterum
506 2410 597 2476 alteri
617 2431 680 2477 non
712 2408 825 2503 licepit
845 2407 964 2474 addere
986 2421 1022 2476 ut
1042 2399 1131 2478 unus'
1145 2433 1240 2480 meus
1264 2411 1358 2480 resul-

259 2547 328 2628 tet
348 2551 454 2619 neque
480 2531 612 2596 alterum
638 2545 679 2592 ex
705 2528 804 2592 altero
824 2523 922 2597 demi.
973 2525 1051 2594 Non
1072 2529 1181 2595 turbet
1207 2553 1270 2599 nos
1296 2528 1357 2596 sen·
1389 2534 1391 2622 ᾗ

276 2649 379 2720 tentia
406 2649 467 2713 hoc
494 2643 585 2730 palio
613 2641 683 2709 lieri
708 2640 906 2717 iubentium,
939 2643 997 2726 qui
1021 2641 1229 2711 enuntiatum
1253 2663 1357 2712 rerum
1389 2627 1391 2688 i

279 2760 449 2836 dollitsmi
478 2761 535 2828 sint
571 2757 606 2824 in
639 2753 700 2820 hoc
729 2765 833 2821 tamen
858 2775 876 2821 a
900 2757 1035 2824 ueritate
1057 2758 1228 2827 recedunt.
1274 2777 1357 2825 amor

269 2880 422 2954 'ueritatis
441 2897 505 2944 non
529 2873 622 2938 cedat
644 2873 727 2936 fame
749 2871 906 2962 populari
935 2889 1030 2939 nemo
1048 2873 1178 2940 demum
1198 2873 1258 2942 nili
1282 2874 1358 2940 insa·

275 3017 337 3066 nur
362 2993 446 3062 uiam
472 2985 590 3056 tollam
616 2985 673 3054 libi
704 2984 863 3066 cognitam
887 2985 1024 3082 negligit
1049 2997 1082 3053 et
1109 2987 1193 3053 uiam
1214 3011 1280 3074 per
1305 3011 1358 3056 nc·

274 3116 368 3184 bulas
397 3103 544 3196 quasdam
572 3101 629 3170 lbi
658 3099 857 3168 monstratam
890 3100 1101 3186 ampleffltur.
1164 3106 1232 3171 lam
1268 3123 1356 3172 more

223 3216 231 3230 ’
273 3249 347 3298 meo
372 3225 432 3292 alia
453 3220 545 3290 uobis
566 3216 657 3284 mitto
683 3217 799 3301 quetita
820 3237 885 3306 que
905 3215 985 3286 mihi
1013 3218 1196 3288 inciderunt
1221 3218 1357 3310 respou-

161 3423 167 3430 ,
274 3343 367 3448 denti
386 3335 588 3421 interrogatis
610 3327 733 3402 uelitis.

278 3559 285 3572 ’
361 3607 392 3658 1.
412 3585 628 3660 considerauit
654 3582 784 3672 quidam
811 3581 1010 3651 altitudinem
1034 3580 1124 3653 stelle
1149 3585 1246 3652 unius
1267 3585 1355 3672 gul

273 3709 467 3778 minutorum
490 3699 547 3792 36.
571 3701 691 3770 deinde
712 3719 847 3786 paruum
869 3711 996 3786 temptat
1019 3702 1143 3769 notauit
1164 3701 1290 3770 iterum
1313 3704 1358 3768 al·

269 3811 441 3894 titudinem
465 3821 534 3888 ciue
554 3837 649 3906 quam
667 3815 792 3884 inuenit
816 3834 865 3900 gr.
889 3831 945 3902 13.
970 3817 1091 3895 minuta
1109 3832 1165 3901 17.
1183 3816 1268 3884 item
1289 3831 1358 3886 ter·

269 3941 317 4010 tio
342 3930 543 4008 altitudinem
564 3933 633 4002 eius
658 3932 782 4000 inuenit
807 3949 860 4016 gr.
883 3946 928 4014 25
950 3932 1070 3999 minuta
1093 3948 1128 4018 7.
1153 3934 1220 4002 duo
1243 3949 1360 4002 autem

271 4075 364 4129 mous
388 4051 542 4126 orizoutit
572 4049 746 4136 intercepti
771 4049 856 4118 irater
884 4060 951 4118 tres
978 4047 1116 4119 cuculos
1144 4047 1359 4118 altitudinum

1261 4175 1362 4234 erant
