2950 5092
324 526 480 613 rursu.
508 517 933 666 nuororronrnnn
983 492 1024 603 ’.
1113 550 1162 629 75

121 725 262 811 higratio
287 726 348 793 Dei
373 726 513 797 oecumit
538 726 627 817 quod
651 690 788 795 antehae
801 742 866 793 non
890 718 999 791 derlee
1024 730 1079 793 aut
1102 744 1166 794 am·

120 840 185 927 plius
207 840 474 931 contreilauerim.
513 838 727 929 Respoolione
747 836 856 925 itaque
878 836 985 915 exalia
1007 839 1167 927 reliquum

120 968 191 1035 erat,
225 970 259 1027 ut
284 955 448 1045 epistolam
472 958 514 1027 ad
544 971 579 1029 te
610 953 793 1044 superbae
822 974 858 1021 re
884 952 1067 1024 scriberem.
1110 954 1168 1025 sed

119 1068 189 1137 node
211 1068 451 1160 superueniente
475 1073 666 1163 prohibeor.
713 1069 800 1139 Nam
832 1080 865 1137 et
895 1068 1058 1157 punitorio
1086 1092 1166 1159 pro·

119 1185 239 1256 biennis
259 1190 308 1257 tui
331 1188 503 1258 admodum
526 1185 664 1255 serotina
691 1196 772 1253 erat.
816 1184 879 1253 Die
912 1204 990 1302 ergo
1021 1184 1167 1276 sequenti
1233 1258 1237 1273 ,
1328 1162 1334 1177 ’

117 1299 149 1366 de
167 1322 247 1371 more
268 1304 432 1372 dominum
450 1320 558 1372 meum
574 1302 814 1383 Reuerendum,
839 1301 879 1369 ad
907 1298 1059 1369 Palatium
1081 1309 1166 1389 lupe

117 1432 172 1480 cun
188 1418 353 1486 recederet
376 1415 449 1489 suus
470 1413 685 1505 cappellanus,
711 1414 856 1485 comitor.
883 1436 1020 1501 cumque
1042 1416 1101 1495 ibi,
1130 1428 1168 1485 ut

117 1528 215 1612 ossolet,
239 1535 407 1619 operiret,
432 1530 591 1620 insperato
623 1530 780 1625 Dominus
812 1548 902 1597 meus
938 1532 1167 1615 pronunciatur
1239 1608 1241 1617 ¹

117 1643 220 1725 legatur
236 1646 277 1712 ad
296 1648 461 1718 venetias.
502 1647 692 1718 Arbitrabar
716 1646 827 1729 igitur,
853 1664 925 1711 cunr
950 1644 992 1741 ad
1012 1646 1167 1715 Venetias

118 1750 229 1826 eundum
253 1760 330 1831 ellet
356 1784 429 1832 cunr
454 1764 583 1833 domino
608 1782 702 1842 meo,
727 1761 768 1829 ad
794 1758 969 1827 Ferrariam
995 1762 1090 1829 etiam
1114 1782 1167 1829 me

119 1880 268 1954 uenturum,
295 1887 329 1942 et
355 1886 419 1944 non
444 1880 540 1945 modo
564 1872 706 1953 litteris,
730 1870 788 1939 sed
814 1883 847 1938 et
873 1896 929 1940 ore
954 1875 1016 1943 tibi
1039 1874 1168 1963 respon·
1258 1906 1260 1914 ·

117 1980 206 2059 soron.
244 1988 409 2075 Cupiebat
429 2003 577 2078 preterea
598 1986 746 2054 dominus
771 2006 860 2054 meus
885 1988 1166 2059 reuerendiffinrus

119 2106 139 2161 tr
157 2101 508 2195 tontumphilosophum
525 2101 648 2208 uidere.
682 2102 777 2197 ‘Nam
801 2100 932 2169 antehac
959 2106 1042 2191 furna
1067 2102 1168 2173 solum
1259 2116 1271 2127 ‘

119 2223 140 2277 et
158 2213 327 2285 testimonio
351 2236 423 2283 meo
445 2216 643 2283 creberrimo
662 2227 696 2283 te
719 2214 896 2297 cognouit..
923 2216 989 2284 Sod
1013 2218 1047 2285 in
1073 2216 1168 2285 itine-

117 2345 142 2391 re
160 2349 256 2399 rumor
281 2328 390 2409 uenit,
432 2331 554 2419 pestem
590 2328 728 2399 inuasrffe
762 2329 924 2397 ciuitatem
962 2334 1169 2429 quamobrem
1230 2352 1241 2371 ‘

118 2444 245 2523 preterire
269 2443 419 2515 decreuit
442 2447 588 2515 dominus
608 2464 697 2513 meus
716 2440 1005 2525 reuerendiffimus.
1049 2445 1164 2529 Igitur,

118 2558 156 2622 eti
176 2581 232 2630 non
256 2583 274 2629 e
295 2560 412 2640 Roma,
432 2578 539 2646 oeque
563 2557 598 2625 in
614 2557 769 2638 Ferraria,
797 2553 853 2623 sed
868 2576 909 2623 ex
922 2559 1079 2639 Venetiis,
1104 2581 1168 2649 que
1274 2634 1279 2641 ,

117 2690 153 2737 ne
167 2696 240 2745 nunc
260 2687 385 2756 tenent,
409 2669 594 2760 responsum
614 2671 752 2761 accipias
777 2691 895 2739 meum.
938 2675 1035 2761 Quod
1049 2675 1068 2740 sr
1082 2675 1168 2745 bene

118 2780 140 2847 se
159 2788 270 2871 lubeat,
297 2787 422 2857 iudicio
442 2801 498 2857 too
524 2776 735 2873 relinquetur·
776 2788 862 2856 Nam
889 2783 922 2853 in
948 2781 1035 2855 hisc‘e
1071 2792 1169 2861 rebus

119 2899 163 2965 tibi
180 2905 289 2971 redere
322 2925 387 2973 non
423 2902 520 2971 modo
554 2922 617 2969 non
635 2900 765 3000 pudet,
797 2922 909 2971 uerum
946 2902 1040 2971 etiam
1066 2907 1170 2990 glorie

120 3016 194 3087 datur
214 3030 337 3088 tanturn
357 3018 476 3085 habere
501 3027 756 3103 praeceptorem.
805 3018 880 3085 Erat
907 3027 1013 3085 autem
1037 3017 1171 3100 interro·¹
1217 3026 1220 3037 '

117 3113 225 3213 rororis
249 3148 308 3205 tue
332 3146 425 3203 tenor
444 3132 511 3201 ille.
895 3185 900 3193 .
990 3198 993 3213 ‚
1095 3146 1106 3161 ⁸

147 3251 220 3319 ¹Die
240 3253 316 3345 Vto·
335 3240 457 3338 Attrilie'
487 3241 600 3335 1463:
624 3244 721 3320 noue
737 3244 882 3334 sequenti
908 3244 985 3313 horn
1011 3222 1044 3321 τ’.
1059 3248 1182 3319 ἰηἰηιιιΙ
1258 3270 1275 3287 r

118 3373 143 3429 to
159 3380 230 3451 25to
253 3363 436 3448 horologii,
460 3363 538 3432 dum
559 3366 696 3451 quedam
721 3360 809 3431 stella
832 3360 911 3429 milri
936 3362 1098 3447 incognita
1124 3364 1172 3434 es·
1261 3345 1263 3353 ’

118 3475 152 3545 set
171 3482 200 3550 io
223 3484 302 3552 hora
335 3478 510 3567 meridiana
535 3479 680 3554 Ferrarie
707 3476 797 3549 cuius
822 3478 957 3546 latitudo
979 3476 1023 3545 est
1044 3498 1094 3563 gr.
1118 3495 1171 3565 44

119 3592 216 3663 minuta
238 3610 301 3683 45.
318 3592 456 3662 secunda
475 3605 523 3676 4:
544 3591 713 3677 longitudo
736 3612 815 3660 uero
836 3592 876 3660 ab
901 3592 1024 3661 oriente
1049 3594 1171 3664 habita·
1253 3660 1260 3667 .

118 3714 143 3770 to
164 3728 206 3795 gr.
228 3724 286 3799 32.
311 3709 423 3796 uceepi
441 3708 537 3795 ipius
558 3708 758 3777 altitudinem
789 3708 830 3776 ab
851 3708 994 3809 orizonte
1017 3720 1049 3777 et
1068 3706 1170 3797 ipsam

118 3816 207 3892 inueni
225 3844 275 3911 gr.
297 3840 355 3913 39.
374 3818 494 3894 minuta
519 3818 576 3891 16.
599 3845 700 3912 quero
719 3836 824 3893 entem
841 3826 945 3894 locum
964 3825 1059 3913 ipius
1081 3822 1171 3895 stelle

119 3930 144 4001 in
165 3940 292 4009 zodiaco
316 3954 381 4011 tero
405 3960 466 4029 per
485 3939 736 4023 longitudinem,
773 3960 865 4028 quam
891 3961 949 4028 per
970 3940 1171 4011 latitudinem
1219 4016 1223 4035 ,

120 4050 150 4116 rb
167 4056 329 4143 ecliptica,
353 4076 414 4126 nee
440 4075 506 4128 oon
530 4074 637 4129 arcum
660 4056 810 4133 diurnum
836 4056 951 4149 ipius,
976 4054 1030 4128 seu
1050 4076 1172 4128 moram
1280 4118 1286 4125 .

121 4167 195 4249 llius
212 4170 306 4263 super
324 4183 452 4246 terram·
1105 4250 1170 4323 Re.
