2950 5092
253 452 343 565 '94
433 539 437 548 ,
545 459 956 579 pronominum.
983 464 1108 543 uon

291 658 355 730 erit
375 657 550 731 binomium
573 672 731 749 quartum,
763 660 867 749 prime
888 672 994 733 autem
1020 658 1157 767 recisum
1185 660 1264 737 elue
1304 658 1358 729 Po·

288 776 339 846 tui
361 788 465 847 autem
495 788 528 845 et
555 779 616 845 hoe
644 774 767 845 soluere
793 777 916 849 duabus
944 778 1013 849 eliis
1045 778 1116 849 uiir.
1186 778 1253 849 Sed
1280 798 1357 847 nunc

290 912 361 959 erm
384 890 470 977 elegi
492 912 586 978 quam
606 890 700 960 uobis
722 894 860 963 arbitror
879 890 1162 975 familiarissimam,
1183 912 1245 981 per
1265 904 1358 961 artem

289 1123 397 1209 itaque
424 1118 534 1191 uestris
554 1118 758 1209 interrogetis
780 1122 972 1193 sufficienter
994 1118 1144 1213 respondi
1166 1124 1260 1191 focile
1282 1120 1360 1189 iudi·

289 1237 428 1319 caloris,
459 1238 517 1327 qui
540 1239 682 1307 omnium
701 1237 923 1307 huiuscemodi
945 1258 1052 1307 rerum
1073 1235 1360 1319 abnndantifflmam

288 1350 414 1440 habetis
434 1353 594 1441 peritiam
615 1353 767 1441 opinione
790 1354 907 1423 etenim
923 1374 993 1423 mea
1013 1351 1203 1425 satisfaiium
1217 1355 1270 1423 eii.
1305 1355 1360 1423 Po·

272 1467 352 1561 'tuit
376 1480 481 1545 tamen
508 1488 597 1537 error
622 1468 792 1557 quisquam
814 1470 1009 1539 numerando
1032 1469 1227 1538 intercidere
1253 1480 1288 1539 ut
1317 1466 1360 1537 su·

287 1588 335 1653 iet
356 1585 439 1663 fieri,
458 1587 553 1655 talem
571 1585 592 1653 l
613 1584 809 1653 offenderitis
832 1604 890 1669 pro
913 1583 1133 1671 magnitudine
1159 1582 1261 1679 uestra
1287 1587 1361 1652 tole·

287 1700 425 1771 randum
445 1700 562 1783 uelim,
590 1698 671 1767 nihil
692 1700 777 1767 eoim
799 1721 909 1769 eorum
935 1720 998 1787 que
1028 1672 1223 1769 numerando
1251 1696 1362 1767 scruto-

287 1818 348 1885 bar
377 1817 527 1907 repetiui.
571 1794 670 1885 Nune
691 1812 830 1883 uestrum
853 1814 898 1881 est
917 1814 1068 1897 officium,
1090 1828 1125 1883 ut
1149 1814 1269 1885 litterar
1289 1814 1361 1885 aliae

168 1977 171 1984 ι
288 1932 331 2001 ed
354 1952 406 2001 me
427 1932 570 2015 mittatis,
591 1952 668 2021 quas
690 1932 840 2017 equidem
866 1952 904 1999 eu
924 1928 1053 1999 hilarior
1079 1928 1264 2019 suseIpiam,
1301 1950 1361 2015 quo

242 2123 245 2131 f
287 2041 541 2133 tempestiuiores
560 2045 769 2117 aduolabunt
808 2044 984 2113 Pellieebar
1007 2040 1151 2131 superius
1172 2040 1361 2135 pro'posreio

285 2182 345 2231 nes
378 2158 510 2230 secundi
536 2159 614 2230 libri
639 2160 680 2249 ed
710 2160 850 2231 tabulam
876 2178 976 2229 meam
1007 2158 1199 2245 pertinentis
1224 2156 1361 2229 seriatim

285 2274 512 2363 perstringere,
535 2276 623 2365 quod
647 2294 731 2345 nune
753 2271 932 2363 persolnam
956 2293 997 2343 ex
1025 2274 1148 2347 ordine.

283 2390 288 2415 ’
352 2424 581 2493 ιῦιιιιιιῐιιιι
605 2394 713 2489 tabule
734 2418 854 2491 usum
844 2440 878 2489 ιιι
901 2422 1012 2511 primis
1034 2426 1214 2538 explanare
1278 2418 1361 2495 Vsus

285 2541 395 2619 tabule
416 2536 462 2608 e'st
485 2540 605 2607 intrare
627 2556 699 2605 eum
722 2538 849 2607 duobus
864 2537 1003 2607 numeris
1023 2524 1058 2607 ut
1080 2536 1172 2625 supra
1194 2537 1302 2623 tetigi,
1330 2538 1362 2601 in

286 2661 404 2747 angulo
427 2656 511 2725 enim
532 2667 642 2723 eorum
666 2655 829 2741 reperitur
851 2653 1015 2743 queitum
1057 2654 1181 2724 Verum
1202 2654 1364 2723 huiusmo·

285 2775 323 2845 di
341 2772 505 2843 introitus
514 2791 574 2861 pro
596 2791 660 2840 non
683 2770 779 2839 nullis
803 2770 928 2858 quesitis
957 2766 1089 2839 nonest
1117 2770 1250 2853 uniens,
1288 2770 1362 2838 srcut

211 2874 215 2882 ’
284 2910 394 2977 neque
415 2887 508 2959 uniea
533 2885 676 2975 operatio
697 2882 813 2957 suffieit
836 2906 895 2973 per
917 2886 996 2957 linus
1018 2885 1236 2973 procedendo
1289 2888 1362 2953 Hoc

284 3014 392 3075 tamen
420 3000 654 3071 aduertendum
692 3003 781 3089 quod
821 3001 959 3091 quilibet
996 2998 1179 3071 huiusmodi
1212 3001 1362 3073 introitur

284 3131 364 3191 tune
380 3118 456 3187 facit
476 3128 628 3205 quantum
653 3116 728 3185 aliar
750 3138 810 3187 una
831 3115 1053 3203 multiplicatio
1075 3116 1153 3185 inur
1179 3134 1240 3203 per
1264 3116 1363 3187 sinum

285 3244 321 3335 et
342 3231 452 3303 diuifio
473 3228 623 3360 ριοιΙιιΕιὶ
643 3250 726 3320 per
726 3242 850 3301 eertum
874 3232 981 3315 sinum,
1003 3230 1059 3301 sed
1080 3240 1112 3300 et
1137 3250 1243 3319 neque
1264 3232 1363 3307 linum

285 3325 536 3435 amariorque
557 3365 663 3415 areum
681 3346 793 3415 linuari
814 3358 960 3435 oportet,
980 3347 1044 3417 imo
1066 3343 1194 3435 prorsus
1214 3348 1256 3415 ab
1283 3369 1362 3435 ope

283 3462 408 3535 ratione
432 3462 551 3533 sonuum
571 3456 698 3531 excuset
721 3460 782 3529 hee
802 3463 921 3535 tabula.
962 3462 1044 3535 Satis
1068 3482 1162 3533 nunc.
1276 3457 1285 3479 ‘

328 3608 572 3683 eCuiurlibet
601 3609 713 3702 puniti
742 3612 893 3701 ecliptiee
920 3613 961 3681 ob
990 3622 1141 3700 equetore
1169 3610 1363 3683 declinantia

280 3726 559 3799 declinationem
548 3728 702 3799 inuenire.
747 3730 832 3797 Intra
858 3748 930 3797 eum
948 3726 1094 3797 distantia
1118 3729 1228 3816 puniti
1248 3728 1319 3797 deti
1345 3748 1364 3795 a

283 3838 423 3912 stitione
446 3842 607 3929 equatorie
630 3856 663 3913 et
684 3844 833 3933 ecliptica
854 3840 1022 3927 uiciniori‚
1059 3854 1092 3915 et
1122 3864 1195 3913 eum
1222 3845 1362 3913 maxima

250 3954 530 4027 declinatione
546 3960 689 4048 reperies
719 3960 805 4063 enim
831 3959 866 4035 in
890 3962 1006 4049 angulo
1031 3978 1142 4035 eorum
1170 3959 1361 4033 declinatio·

178 4132 182 4139 ,
284 4072 532 4167 oenomelum
554 4086 619 4157 ete.

1237 4204 1257 4281 3
1281 4188 1362 4259 Pro·

274 1006 444 1079 ‘uidelicet
471 1008 521 1075 rei
547 1019 579 1075 et
600 1004 710 1077 censue
733 1010 821 1097 quod
851 1008 1031 1099 querebatis
1063 1006 1268 1083 absoluendo
1326 1006 1358 1077 Si

1386 4892 1387 4935 l
