2950 5092
354 406 356 422 .
865 392 873 424 r
944 358 952 420 i
1027 415 1029 422 .
1169 395 1173 401 .

347 464 500 597 uersu
526 507 952 632 usurouournur.
1117 537 1184 613 151

132 707 198 779 serr.
239 695 316 782 item
337 707 357 782 st
375 712 576 782 ecentricitas
596 711 703 780 martis
725 709 770 779 est
792 683 919 798 quanta⁸
931 707 1121 798 supponitur
1144 699 1186 780 ab

132 825 279 909 omnibus,
315 840 347 898 et
371 811 600 898 semidiameter
626 825 766 915 epicicli‚
794 825 936 914 sequitur
957 845 1060 895 aream
1082 823 1185 894 uisua·
1263 863 1268 878 =

132 945 182 1007 lem
192 941 352 1020 maximam
367 943 474 1012 martis
495 943 536 1012 ad
558 963 662 1012 aream
683 943 751 1012 eius
770 939 920 1010 uisualem
939 941 1100 1010 minimam
1124 939 1185 1010 csse

132 1065 160 1122 ut
180 1069 217 1140 52
244 1041 284 1126 aad
306 1077 401 1128 onom
422 1061 501 1130 fere.
541 1035 637 1124 credb
664 1073 724 1140 ego
743 1053 865 1161 'nemini
892 1073 1030 1142 nmquam
1055 1070 1189 1126 martem

131 1183 234 1238 tantum
260 1171 447 1260 apparuisse.
490 1171 571 1240 aeris
596 1169 764 1240 serenitate
792 1189 853 1238 una
887 1181 920 1238 et
948 1173 1063 1240 ceteris
1089 1175 1188 1242 rebus

133 1285 228 1358 eodem
250 1289 347 1356 modo
374 1283 406 1355 se
435 1285 637 1357 habentibus.
697 1289 734 1354 In
759 1284 823 1357 sole
855 1285 995 1373 denique
1025 1289 1186 1370 quomodo

130 1403 231 1484 poterit
250 1399 309 1468 esse
333 1400 491 1469 certitudo
518 1399 761 1488 computationis
783 1399 804 1468 sr
829 1399 919 1467 aliam
939 1401 1187 1470 declinationem
1240 1474 1245 1484 ,
1281 1418 1286 1428 ·

130 1514 186 1581 eius
208 1515 372 1582 maximam
396 1515 428 1582 in
450 1515 564 1584 sabulis
585 1513 750 1585 scribimus
770 1527 803 1584 et
823 1519 913 1584 aliam
934 1515 967 1584 in
989 1501 1188 1586 celo'instru·

97 1653 99 1658 ·
127 1629 224 1697 utentis
242 1631 524 1716 deprehendimus·
566 1632 664 1720 Quod
688 1635 827 1717 computi
850 1630 1009 1717 calipsum
1029 1635 1187 1703 mentiun-

128 1755 170 1810 tur
191 1745 271 1830 etin
295 1755 442 1832 tempure
467 1745 652 1814 durationis
677 1757 708 1812 et
728 1745 904 1831 quantitate
925 1747 1026 1832 partis
1054 1747 1186 1835 eclipsa-

127 1869 164 1937 τε,
185 1859 321 1947 itemque
348 1859 381 1928 in
409 1861 577 1946 principue
606 1869 638 1925 et
663 1857 779 1926 finibus
808 1857 967 1949 ecupsrum
991 1859 1131 1948 ideoque
1151 1862 1186 1930 iu
1247 1873 1256 1898 ⁸

127 1973 198 2042 ueris
216 1975 481 2062 applicationibus
502 1983 555 2041 aut
576 1969 750 2040 uisrbffibus
771 1983 825 2039 aut
844 1955 972 2060 utrique
986 1975 1187 2048 luminarium
1238 2045 1243 2052 ,

97 2129 98 2136 1
129 2087 322 2175 imputabitur
352 2099 405 2158 aut
433 2091 508 2156 lunc
533 2083 740 2174 potissimum.
805 2087 966 2163 Venerem
991 2086 1131 2173 denique
1151 2088 1186 2155 in

129 2209 184 2271 ceto
203 2205 372 2273 tardiorem
397 2203 466 2272 uidi
491 2193 585 2290 q'uam
606 2199 781 2270 numerario
804 2188 991 2286 predixerat
1019 2201 1054 2271 in
1079 2202 1184 2271 tribus
1290 2233 1296 2240 ·

128 2306 228 2402 quartis
248 2319 339 2389 unius
360 2318 476 2405 gradus
501 2320 581 2384 fere.
614 2313 814 2386 mendacium
834 2316 929 2387 etiam
954 2315 988 2383 in
1007 2316 1187 2415 ¹latitudini·

128 2431 176 2500 bus
194 2433 256 2504 eius
275 2431 482 2504 numerandis
510 2431 610 2498 uitare
636 2427 681 2495 est
709 2431 880 2500 admodum
901 2429 1045 2499 difficile.
1103 2431 1184 2498 item

97 2569 99 2606 z
126 2543 257 2618 stantibus
277 2545 494 2618 fundamentis
516 2543 747 2623 ecentrieorum
772 2555 804 2614 et
830 2545 1038 2634 epiciciorum
1055 2559 1184 2634 oportet

97 2663 98 2696 i
126 2679 257 2756 uenerem
282 2667 317 2734 in
345 2660 512 2750 superficie
539 2661 625 2746 apud
653 2657 774 2728 sensum
800 2659 942 2747 quinque
966 2679 1121 2749 apparere
1146 2677 1184 2732 ut

97 2727 100 2816 d
127 2795 224 2862 ortum,
262 2779 338 2848 alias
368 2787 472 2843 autem
492 2785 528 2844 ut
548 2747 609 2856 4ξ.
631 2793 693 2861 que
720 2793 771 2841 res
795 2775 915 2844 nemini
940 2773 1103 2863 aspicienti
1123 2799 1184 2846 un·

128 2911 204 2976 quam
222 2892 370 2966 innotuit·
416 2893 496 2959 uem
520 2886 674 2958 diameter
699 2889 767 2958 eius
787 2887 913 2960 uisualis
942 2895 1004 2960 erit
1023 2913 1087 2960 non
1106 2913 1184 2962 nun·
1224 2863 1255 2944 ·'

128 3029 204 3094 qoam
226 2991 349 3078 minuta
373 3019 428 3073 12.
456 3003 592 3072 secunda
617 3017 662 3091 30
688 3006 753 3073 duc
772 3002 894 3073 sciucet
914 3007 1023 3091 quinte
1044 3009 1086 3074 de
1113 3009 1183 3075 dia·

127 3137 209 3191 metro
234 3121 346 3195 uiiirali
367 3125 453 3190 lune.
477 3119 564 3207 quod
578 3119 737 3207 quidem
728 3139 760 3187 tn
783 3121 853 3186 celo
878 3139 1076 3207 nequaquam
1096 3141 1181 3192 com
1274 3105 1277 3122 Α

97 3236 327 3354 prehenditur
388 3235 478 3325 Quid
502 3235 605 3302 dicam
625 3234 667 3300 de
688 3232 856 3301 Mercurii
882 3253 977 3320 qoem
997 3235 1182 3324 sepenume-

126 3369 153 3418 ro
172 3371 320 3440 apparere
347 3361 510 3440 oporteret
534 3349 566 3418 iu
594 3333 792 3418 ori'zoutibus
806 3343 920 3443 nostris
938 3351 959 3420 s
975 3370 1086 3423 uerum
1102 3355 1181 3423 red

128 3465 199 3536 deret
216 3469 331 3538 tabula
351 3467 585 3556 apparitionum
609 3477 641 3533 et
663 3464 995 3550 occultationumque
1020 3468 1105 3540 inter
1124 3493 1180 3538 ce·
1286 3553 1288 3563 Ι

97 3589 192 3650 tuas
221 3584 445 3653 modernorum
472 3581 595 3650 tabulas
629 3581 801 3668 reperitur
860 3581 1045 3653 Mercurius
1074 3600 1179 3658 autem

97 3701 167 3764 uel
183 3719 341 3787 nunquam
364 3699 418 3767 uel
438 3691 590 3764 rarissime
611 3693 703 3764 nobis
729 3705 872 3786 apparet.
898 3695 1021 3766 Verum
1044 3697 1140 3768 hoc'
1130 3723 1180 3769 m·

126 3807 158 3874 de
178 3813 323 3898 procedit
353 3815 446 3902 quod
467 3812 574 3880 tabula
599 3811 741 3899 preditis
765 3833 829 3882 nou
855 3806 953 3881 seruit
979 3813 1180 3886 orizontibus

97 3907 102 4004 s
126 3925 231 4014 nostris,
257 3928 303 3998 est
324 3928 409 3999 enim
435 3925 601 4014 composta
620 3945 637 3992 a
658 3929 817 4010 ptolemeo
838 3925 871 3994 in
896 3942 938 3991 ro
961 3929 1099 4017 capitulo
1121 3935 1181 3998 de-
1239 3923 1249 3943 ‘
1294 3914 1297 3929 '

97 4047 98 4122 i
127 4038 191 4114 time
214 4043 308 4116 tertie
331 4041 479 4118 dictionis
504 4041 544 4115 ad
563 4035 704 4116 medium
725 4042 831 4128 quarti
851 4033 998 4121 climatis.
1033 4067 1097 4134 quo
1117 4069 1178 4114 ne·-

273 4171 282 4188 ·
653 4155 731 4240 K4
883 4221 886 4228 .
1047 4161 1175 4233 hemea-
