2950 5092
311 473 388 581 aua
563 459 818 542 ennom.
846 426 1125 583 urrunnu.

311 661 511 734 titteremee
530 652 623 722 nimie
644 673 726 741 equo
753 653 979 724 obtenderent.
998 639 1234 722 detiu'obseeru
1253 651 1350 722 oenian

252 805 255 811 ¹
309 779 432 842 calamo
451 770 562 838 audaci
584 781 616 840 ct
634 769 815 839 temerario.
855 769 962 838 loanni
975 770 1066 868 'eninr
1087 767 1235 838 scribenti
1255 769 1350 838 uenirn

206 947 211 952 .
312 889 421 957 datum
441 885 482 954 iri
506 907 569 954 non
591 905 673 973 opue
695 882 750 962 est,
773 901 845 950 cum
871 895 903 952 et
921 881 1095 952 modestum
1116 883 1222 952 uideri
1241 881 1352 964 seseue·

202 1040 207 1053 ·
312 1003 352 1074 lit
372 1013 405 1070 ct
423 998 568 1068 oneribus
588 1001 622 1068 in
646 1001 741 1070 rebus
763 997 888 1068 libidini
910 997 1012 1070 uestro
1032 980 1333 1088 obsequentitlunon.

1332 1160 1336 1179 l

316 1261 320 1276 .
429 1204 536 1272 Multa
556 1203 698 1290 (credite
714 1201 808 1282 mibi)
831 1211 863 1270 ct
883 1201 1000 1272 iterum
1025 1193 1123 1271 multu
1143 1201 1231 1290 aptrd
1250 1219 1296 1268 me
1316 1197 1357 1266 ba·

314 1318 377 1388 beo
399 1339 461 1404 quc
481 1320 602 1387 iudicio
622 1319 726 1390 uestro
747 1317 890 1386 submissa
908 1317 1003 1386 uelim
1025 1317 1045 1383 su
1065 1327 1202 1396 occaect,
1229 1335 1287 1402 que
1303 1335 1359 1402 par·

313 1433 373 1502 tim
393 1424 521 1502 lnuentc
545 1430 615 1502 sunt
636 1429 822 1514 certisime,
863 1433 977 1518 uterum
1002 1453 1080 1500 uero
1101 1431 1134 1499 in
1155 1429 1282 1518 ancipiti
1299 1449 1359 1516 per·

227 1621 232 1642 ‚
313 1548 393 1617 dent
413 1559 446 1617 et
467 1549 602 1616 animum
628 1547 831 1616 uehementer
856 1545 1012 1616 stimulant
1039 1546 1079 1614 ad
1100 1544 1147 1614 sui
1170 1541 1359 1626 inuestigatio·

314 1683 400 1737 nem.
458 1663 543 1730 Nam
564 1673 602 1730 nt
619 1682 637 1728 a
656 1659 801 1747 supremo
816 1643 943 1730 'stellato
969 1649 1064 1728 orbe'
1080 1660 1216 1730 sermoni
1237 1660 1303 1763 den
1318 1655 1360 1722 ini·

189 1832 195 1846 .
314 1779 412 1855 tium,
445 1775 499 1864 qui
519 1775 681 1864 hucusque
702 1777 863 1844 materiam
885 1775 988 1844 nostre
1008 1771 1157 1862 suggessit
1177 1771 1361 1844 conuersatio·

312 1873 360 1976 ni,
381 1913 443 1959 non
462 1889 583 1978 possum
605 1912 667 1959 non
687 1889 838 1958 admirari
858 1885 1034 1960 socordiam
1055 1889 1297 1958 astronomorum
1313 1887 1361 1956 uul-

313 2007 436 2120 garium
463 2004 566 2075 nostre
598 1995 809 2088 tempestatis,
856 2003 912 2091 qui
946 2005 1045 2076 ueluti
1076 2006 1227 2074 mulieres
1259 2003 1362 2072 credule

219 2125 225 2135 '
314 2121 470 2210 quicquid
492 2121 525 2222 in
546 2120 638 2194 libris
658 2123 719 2190 sure
741 2121 917 2192 tabularum
937 2121 998 2208 inc
1021 2141 1174 2190 canonum
1193 2119 1313 2192 suorum
1329 2118 1362 2184 oi

313 2239 448 2323 tendunt
475 2248 623 2322 tanquam
650 2237 794 2306 diuinum
821 2229 994 2323 quodpiam
1022 2247 1053 2301 et
1079 2231 1267 2302 inimitabile
1297 2252 1362 2301 acce·

313 2363 414 2440 ptant.
440 2349 574 2417 credunt
593 2345 802 2435 scriptoribus
827 2361 858 2418 et
880 2349 1045 2419 ueritatem
1067 2348 1245 2434 negligunt.
1295 2345 1363 2436 Quid

316 2462 533 2554 enimulicam
557 2462 599 2530 de
620 2469 770 2551 qualitate
788 2477 892 2536 mutus
911 2463 1004 2542 huius
1026 2463 1135 2534 obrue
1155 2461 1269 2560 sphcre
1291 2481 1364 2549 quan

315 2582 495 2668 ptolemeus
523 2574 627 2664 notice
659 2575 841 2648 ctaritsrrous
872 2577 1018 2654 conclusit
1044 2578 1166 2646 moueri
1193 2575 1230 2665 in
1263 2589 1364 2650 centon

314 2693 403 2764 annis
423 2713 600 2780 perunum
625 2692 771 2776 gradum.
828 2692 999 2776 Albategni
1020 2713 1098 2760 uero
1124 2691 1194 2780 post
1222 2713 1291 2764 eum
1309 2703 1361 2776 743

315 2809 402 2876 annis
423 2809 457 2876 in
473 2803 531 2874 '66
553 2809 640 2876 annis
668 2812 737 2876 fere
758 2827 941 2892 perunum
963 2809 1107 2891 gradum.
1142 2804 1364 2878 declinationem

314 2923 480 2991 maximam
500 2918 573 2989 solis
586 2921 651 2990 nic
669 2923 791 3010 reperit
812 2943 862 3011 gr.
884 2937 926 3010 23
950 2923 1069 2992 minuta
1092 2937 1150 3010 51,
1168 2919 1308 2996 secunda
1322 2937 1364 2986 20.

314 3038 470 3109 ille'uero
493 3055 543 3124 gr.
566 3031 608 3126 '23
631 3039 751 3110 minuta
779 3042 837 3127 35.
867 3036 939 3130 posi
960 3061 1014 3110 cos
1036 3039 1160 3110 Tebith
1184 3037 1226 3128 ²³)
1250 3037 1365 3110 declina·

448 3189 452 3198 ·
863 3171 870 3184 ‘
1196 3217 1200 3224 .
1266 3157 1365 3227 tionen

230 3408 234 3417 ,
345 3347 377 3421 ⁴)
391 3351 536 3405 ueeerm
557 3349 656 3408 Thebet
675 3355 726 3408 Ber
752 3353 831 3408 Corra
854 3349 997 3408 ‹iifl'entlunt
1016 3349 1157 3424 scriptoret.
1228 3353 1364 3424 abulphara-

379 3449 489 3509 dseubnu
505 3456 604 3525 sequor,
624 3456 666 3524 qni
687 3470 742 3509 eom
761 3455 793 3508 erl
811 3453 928 3508 soeculum
947 3455 983 3508 lx
996 3450 1082 3512 refert.
1105 3456 1222 3526 Mortune
1234 3455 1269 3508 ell
1282 3469 1303 3507 c.
1316 3463 1365 3517 901·

377 3549 536 3622 llbpttgois.
554 3547 678 3621 nibeeau'i,
703 3538 857 3611 Ptole'unueue
876 3551 989 3616 Arabum,
1006 3550 1042 3622 (¹1¹
1059 3547 1126 3632 eol)
1145 3553 1192 3604 iem
1209 3553 1300 3624 carpit
1315 3550 1366 3600 lluu·

378 3648 463 3731 berum
480 3655 538 3714 Vid.
555 3658 684 3736 ldonmcle
703 3653 766 3714 liiii,
781 3653 831 3706 dee
847 3651 1066 3720 Mathemariqueu
1093 3654 1126 3714 Τ,
1142 3660 1163 3716 1,
1180 3671 1207 3722 ρ,
1226 3643 1290 3723 μγξ
1330 3651 1365 3702 tlt

378 3749 480 3804 Theben
503 3753 581 3808 seciae
605 3751 884 3816 snbiorum'addittus,
918 3753 1008 3822 primus
1038 3751 1062 3804 in
1081 3752 1260 3808 astronomiam
1284 3749 1366 3805 induruit

386 3862 482 3904 morum
500 3855 688 3922 trepidationis,
719 3839 767 3909 fine
786 3851 892 3907 accessus
916 3867 942 3906 ec
969 3849 1080 3912 recesi'ue.
1133 3855 1267 3932 ¹Duplicem
1293 3859 1366 3918 nempe

384 3949 485 4002 obortae
502 3951 601 4021 splucrae
619 3959 714 4006 morunt
732 3952 819 4006 tribuit
825 3970 836 4020 ,·
871 3967 943 4008 onum
964 3969 978 4006 ι
994 3953 1076 4024 prinuo
1097 3929 1262 4015 mobilisliue
1281 3951 1367 4020 spiratur

323 4044 338 4126 '‚
380 4065 462 4116 uouru
479 4044 592 4141 diuum
608 4051 748 4121 uidelicett
766 4054 868 4114 elcerutn
884 4069 944 4114 uero
961 4023 1106 4130 propriun,¹
1120 4053 1191 4128 super
1207 4053 1304 4110 circulis
1323 4061 1368 4120 put·

323 4152 330 4169 ¹
393 4155 404 4169 ''
1331 4150 1366 4208 uit,
