2950 5092
664 393 681 426 1

310 523 321 532 ·
364 506 519 594 rursu
544 499 966 585 Rreromournun
1128 532 1196 610 155

143 701 243 774 nollrls
276 697 388 770 studiis
418 701 613 787 uigilantiam
649 713 761 790 aperte
791 699 1037 771 demonstrabas.
1096 697 1200 771 Tanta

144 819 217 886 enim
239 817 342 885 libido
364 817 563 887 certitudinis
587 817 806 904 consequende
830 810 871 885 te‘
888 817 996 884 inuasit
1019 826 1055 884 ut
1075 817 1116 883 ad
1135 829 1217 885 ter··
1277 816 1281 830 '

144 939 181 1002 tta
202 929 296 1019 usque
317 908 574 1027 numerationem
587 947 673 1002 tuam
698 933 890 1002 emenderis.
925 935 983 1000 Eas
1001 931 1201 1001 natiuitatum
1291 935 1295 962 '

143 1049 245 1132 figuras
266 1047 398 1116 aduexit
423 1049 501 1118 mihi
522 1039 668 1120 dominus
687 1051 823 1136 Joannes
843 1043 989 1132 baptista.
1022 1027 1201 1115 nam'antca

143 1159 192 1228 hac
213 1165 290 1229 duas
315 1145 379 1232 non
400 1165 530 1252 quidem
554 1185 625 1232 meo
653 1167 774 1232 calculo
803 1160 859 1229 sed
880 1159 1019 1229 Conredi
1044 1161 1108 1226 mei
1129 1181 1201 1226 ere·

108 1345 109 1350 ,
146 1275 198 1343 tus
218 1278 399 1364 priusquam
419 1278 619 1370 percursione
638 1297 707 1346 mea
729 1278 1009 1354 examinarentur,-
1022 1273 1091 1362 ipse
1111 1295 1199 1341 acce·

142 1405 233 1480 petat.
273 1398 424 1460 Placuere
443 1391 522 1461 mihi
542 1389 636 1476 supra
660 1394 792 1462 modum
819 1377 904 1461 tanta
925 1386 1049 1457 solertie
1068 1387 1124 1457 sue
1144 1409 1201 1457 ue·
1275 1377 1281 1395 ¹

141 1503 219 1588 sigla
249 1517 281 1574 et
314 1508 459 1576 ueritatis
491 1509 656 1595 inquisitio.
723 1509 821 1591 Nunc
844 1507 944 1591 igitur
974 1525 1015 1576 nc
1051 1504 1200 1592 pluribus

142 1639 214 1704 equo
236 1621 423 1688 obtunderis
452 1622 531 1688 cede
558 1619 654 1709 queso
675 1621 759 1690 notis
782 1620 872 1688 meis.
923 1622 984 1686 Fac
1003 1600 1109 1716 littere
1128 1634 1199 1687 mee

142 1734 271 1802 efficaces
296 1735 384 1821 apud
404 1746 437 1802 te
462 1734 673 1803 inueniantur.
726 1735 880 1821 Joannem
905 1753 1086 1820 germanum
1106 1733 1200 1819 gregi

141 1851 297 1918 amicorum
318 1863 446 1919 tuorum
472 1850 677 1918 adnumerare
698 1852 789 1918 uelis.
822 1849 911 1937 quod
932 1850 1039 1936 lingua
1057 1870 1120 1917 non
1136 1869 1200 1936 po·
1318 1924 1323 1930 A

108 1959 189 2034 test
206 1963 371 2032 interuallo
393 1953 565 2050 corporum
586 1961 797 2049 prohibente,
830 1967 965 2031 calamus
985 1961 1149 2047 supplex
1137 1983 1200 2058 rm·

108 2051 110 2162 h
141 2088 244 2157 petren
303 2079 415 2147 Nolim
444 2075 592 2194 expelles
619 2074 781 2162 usquead
810 2091 919 2146 aenam
947 2077 1072 2146 noceria
1095 2099 1199 2150 meant

143 2201 281 2272 quatenus
301 2193 345 2260 de
366 2191 518 2272 amicitia,
547 2187 586 2258 in
609 2191 763 2259 conuiuiis
788 2203 825 2260 ut
844 2191 960 2268 assolet,
989 2193 1128 2261 ineunda
1151 2206 1199 2261 te·

142 2324 202 2371 cum
220 2303 395 2372 disseratur.
430 2296 656 2390 'Frigesccrent
681 2305 764 2372 enim
787 2306 877 2390 prius
903 2309 999 2392 epule
1020 2328 1113 2394 quam
1131 2307 1199 2376 Ro·

141 2437 272 2486 murex
293 2409 420 2490 Vrbino
443 2420 578 2488 uenires.
610 2421 656 2490 δί
680 2421 865 2490 mtureribus
891 2424 1016 2518 forsitan
1042 2423 1198 2509 primitiae

108 2532 362 2605 consuetudinis
390 2532 494 2602 nostre
527 2536 691 2604 firmandas
717 2525 945 2616 arbitraberis,
980 2558 1110 2606 munera
1133 2560 1199 2606 non

108 2593 110 2744 d
142 2646 271 2730 deerunt,
295 2648 351 2716 nist
371 2649 525 2718 maiorum
549 2653 693 2736 exempla
714 2650 807 2736 parui
827 2652 933 2726 faciae.
974 2652 1200 2725 Archimedem

141 2759 271 2832 Dositheo
292 2766 331 2847 ²¹¹.)
364 2763 559 2850 problemate
588 2765 781 2848 geometrica
811 2764 918 2834 misisse
945 2766 1059 2876 liquet.
1123 2767 1199 2833 Ena·

142 2875 299 2950 tosthcnem
311 2877 475 2948 Ptolemeo
495 2879 565 2966 regi
580 2879 827 2965 duplicationem
848 2881 925 2950 cubi
939 2867 1086 2967 tanquam
1106 2891 1199 2965 grani
1245 2957 1265 2964 ,

108 2992 177 3072 de
194 2997 352 3083 quoddam
375 3015 488 3065 munus
513 2992 678 3082 prestitisse
706 2995 856 3075 Eutocius
877 2994 1040 3063 ascalonita
1060 3015 1199 3063 comme·

142 3123 237 3180 morat.
277 3111 372 3182 Talia
396 3122 493 3208 erunt
513 3112 597 3180 dona
620 3108 723 3179 nostra
742 3107 958 3214 philosophica
978 3108 1109 3197 quidem
1132 3129 1199 3180 non

143 3227 299 3312 popularia.
343 3201 495 3296 Ceterum
519 3226 540 3295 l
563 3225 710 3308 conuiuio
731 3227 888 3310 gaudeat,
918 3225 1064 3306 salmon
1089 3224 1199 3312 perdi·

144 3358 186 3406 ces
212 3346 326 3411 calamo
362 3337 484 3420 nostro,
521 3363 584 3430 non
612 3361 654 3410 ex
687 3345 766 3410 cella
796 3341 935 3428 epularia
962 3341 1198 3442 depromemus·

143 3451 269 3543 vegetes
298 3457 427 3526 demum
457 3455 526 3524 uini
551 3455 637 3526 h'aud
667 3459 764 3542 longe
792 3457 939 3527 aberunt.
1004 3454 1072 3528 Vbi
1091 3468 1199 3524 autem
1250 3499 1255 3509 ι

144 3573 291 3652 epularum
322 3567 446 3639 satietas
471 3591 535 3640 noe
561 3571 697 3656 ceperit,
737 3570 944 3660 eythereduna
969 3582 1065 3658 atque
1089 3571 1201 3640 tibici-

144 3702 202 3757 nem
221 3699 257 3758 ut
280 3687 322 3758 ad
346 3685 459 3756 choros
477 3687 640 3758 ducendos
659 3687 874 3768 modulentur,
905 3689 1067 3772 extemplo
1091 3705 1199 3754 amer·

1081 3801 1196 3874 semus.

168 3993 199 4070 ⁸)
210 3997 329 4072 inscripsit
347 4001 491 4059 illilibruar
505 4007 560 4072 ntes
579 3996 660 4054 ime·
679 4001 700 4070 s,
723 4003 844 4061 delictit
863 4002 1000 4076 spiralibus,
1027 4017 1056 4060 ut
1075 4017 1103 4060 et
1121 4004 1195 4071 elios,

198 4097 255 4164 vicl.
271 4102 375 4162 uabrteu
392 4103 512 4172 Eblioth.
531 4119 569 4173 gr.
586 4103 640 4160 ltu.
658 4111 704 4173 ut,
721 4119 778 4178 cap.
796 4102 883 4162 XXu.
