2950 5092
394 433 553 598 minse.
575 418 875 547 annitentem
1107 482 1179 551 ιο,

142 659 193 727 bito
212 658 361 728 malletum
379 657 485 745 ipsum
507 657 694 733 emanibtnc
721 652 835 725 uestris
857 652 1059 741 compilatum
1081 652 1181 735 serio,

140 773 191 841 sum
204 788 233 843 et
244 771 397 863 copiosum
410 771 491 853 effe,
521 772 615 854 udde
629 767 743 857 ipsum·
750 780 874 855 gratum
887 768 1037 837 haberem
1055 766 1189 869 solueng

139 892 170 956 do
182 884 315 977 scriptori
327 886 526 967 macedam,
557 886 716 969 regnator
735 886 830 953 etiam
844 882 939 953 uobis
951 876 995 951 dc
1015 882 1179 951 oblatione

139 1002 265 1091 indeipso
278 1004 367 1085 talia,
392 1002 519 1089 quando
532 1000 567 1068 in
581 1020 676 1069 manu
689 998 859 1081 habebitis,
885 1010 917 1069 et
932 1018 992 1085 ego
1010 1019 1062 1067 me
1075 1000 1178 1067 offero

137 1119 238 1189 domino
251 1120 440 1189 concedente
457 1094 519 1205 per
535 1127 687 1202 quantum
700 1114 785 1185 enices
802 1114 957 1203 ingenioli
977 1114 1041 1183 mei
1064 1110 1098 1179 se
1122 1132 1179 1181 ex·

137 1235 283 1319 tenderint,
316 1233 421 1322 ipsum
446 1230 574 1300 nominc
595 1227 697 1299 uestro
719 1229 888 1317 predicare
908 1233 940 1297 et
958 1224 1056 1315 supet
1074 1222 1180 1316 ipsum

136 1348 261 1418 aduettti
271 1350 403 1434 gloriam
420 1346 552 1435 aliquod
567 1358 779 1417 commentum
790 1336 961 1415 fabricare.

222 1530 270 1601 ad
283 1534 434 1619 quenturn
448 1541 553 1601 autem
569 1551 676 1601 meum
691 1554 756 1599 non
772 1482 856 1601 incne
873 1522 1050 1614 expressam
1069 1530 1179 1591 reniet·

134 1640 237 1712 tendum
256 1646 327 1715 dico
345 1647 453 1734 qood,
487 1657 525 1715 ut
538 1647 633 1717 uobis
651 1661 763 1717 notum
782 1644 845 1725 est,
881 1642 1028 1709 inuenire
1040 1638 1182 1709 declina

134 1754 226 1825 tionem
237 1780 339 1829 ueram
358 1760 448 1829 stelle
462 1762 502 1829 ab
524 1759 743 1849 equinodiali,
770 1757 858 1845 quod
871 1754 1040 1861 maximum
1059 1766 1091 1823 et
1106 1776 1183 1842 qna-

131 1867 271 1947 filssicttm
295 1878 537 1945 fundamentum
560 1874 634 1942 cil
624 1894 664 1943 tn
677 1872 827 1943 omnibus
853 1868 980 1937 calculis
1003 1866 1146 1937 atlrotoe·
1115 1890 1182 1953 one,
1302 1882 1315 1911 ·

132 1985 235 2072 etipso
240 1987 408 2066 deficiente
429 2008 525 2055 omne
548 1990 710 2058 editicium
729 1984 825 2073 super
845 1979 949 2069 ipsum
970 1982 1181 2053 conitendum

131 2096 156 2164 in
168 2107 276 2169 ronam
296 2103 407 2181 cadet,
435 2101 504 2169 uidi
525 2103 728 2189 per-aliquos
751 2094 892 2165 auilorcs
913 2096 1088 2166 dodlrinam
1108 2098 1181 2167 dari

131 2214 391 2287 edinmoniemdum
416 2214 643 2283 declinationes
660 2200 840 2281 stellarum:
900 2212 1069 2281 Habentur
1089 2214 1181 2282 libri»
1279 2254 1283 2263 ,

130 2346 239 2411 qnorum
257 2332 400 2437 doiirina
422 2328 467 2397 ett
488 2330 634 2417 accipere
650 2324 852 2395 latitudinem
867 2324 954 2396 stelle
968 2340 1063 2416 atque
1080 2328 1182 2396 decli·

128 2440 258 2513 mtionem
278 2446 396 2528 gradem
413 2446 579 2549 ecliptico,
614 2442 650 2510 in
669 2445 734 2530 qno
751 2440 869 2511 dieitur
888 2442 975 2513 stella
999 2444 1077 2520 effe,
1105 2444 1181 2514 etii

130 2556 277 2628 ambolimt
289 2561 324 2629 in
336 2558 479 2627 eiusdem
493 2568 586 2642 parte
600 2554 873 2641 septemtrionali,
899 2557 955 2628 scu
968 2560 1181 2642 meridionali,

128 2665 192 2753 ipsas
216 2679 383 2763 copulare,
417 2675 534 2741 fimeto
559 2692 620 2741 una
640 2671 739 2739 inerit
753 2671 986 2756 meridionalia,
1016 2675 1075 2743 alia
1098 2694 1180 2745 uero

127 2776 374 2870 septemtrionalis,
394 2787 524 2854 demere
538 2784 693 2853 minorem
713 2788 873 2872 amaio‘ri‚
906 2800 1017 2879 etque
1035 2790 1105 2879 post
1125 2810 1181 2859 co·

128 2902 294 2979 politionem
310 2914 367 2972 aut
388 2900 633 2973 subtraiiionem
657 2902 808 2988 peruenit
836 2882 1075 2989 elongationem
1089 2904 1180 2975 stelle
1248 2968 1251 2975 .

127 3011 156 3079 ab
170 3019 360 3104 equinoiliaIi
374 3031 489 3086 vocant
503 3017 595 3085 cuius
608 3014 756 3083 diametri
771 3016 975 3103 accipiendus
997 3018 1073 3089 effet
1086 3022 1181 3105 finus,

125 3134 288 3219 nnnptima
305 3140 414 3205 fronte
435 3132 577 3201 doiirina
599 3129 668 3218 ipsa
686 3132 816 3200 uidetur
837 3130 929 3215 fatte,
970 3153 1068 3221 quare
1087 3156 1181 3207 ancus

124 3244 275 3319 nondinis
292 3263 328 3319 et
343 3268 435 3317 arcos
449 3245 686 3325 declinationis,
717 3248 836 3333 quibus
853 3250 1002 3336 pcocedit
1016 3245 1101 3321 asuo
1120 3274 1181 3340 po·

125 3358 163 3439 lt,
189 3374 219 3431 et
235 3364 307 3435 sunt
329 3367 397 3433 duo
415 3361 529 3429 diuerfi
547 3379 637 3427 aecus
656 3356 689 3425 se
708 3358 848 3429 secantes
871 3361 967 3452 supra
985 3352 1177 3439 anterioeem
1273 3356 1276 3361 ¹

124 3467 208 3555 stelle,
230 3484 308 3560 (nec
329 3476 497 3563 exceperis
516 3472 615 3542 solum
633 3474 747 3555 inum)
768 3474 873 3564 accipi
892 3478 1015 3567 potest3
1061 3482 1178 3553 dieunt

124 3588 200 3659 edan
214 3566 335 3664 ditium
353 3596 450 3661 inum
472 3590 678 3679 multiplicari
694 3592 816 3658 debere
834 3611 895 3677 per
912 3596 1010 3667 tinum
1031 3609 1086 3667 aut
1109 3620 1180 3667 cor·

123 3700 181 3771 dam
195 3709 308 3779 teidui
320 3708 456 3777 maxime
466 3704 688 3775 declinationis
698 3707 936 3789 &praetutium
952 3714 1101 3783 diuidere
1116 3736 1179 3803 pec

123 3813 199 3887 inmo
213 3823 330 3892 reidun
340 3820 564 3909 complemento
575 3820 794 3889 declinationis
812 3820 960 3912 ecliptico
978 3842 1012 3898 et
1030 3829 1094 3899 hoc
1107 3842 1183 3899 mna
1219 3840 1224 3853 ‘
1360 3856 1361 3865 κ

122 3926 155 3995 do
169 3934 287 4007 dicator
301 3938 547 4008 declinationem
563 3953 672 4003 oetam
686 3932 774 4003 stelle
791 3956 864 4006 com
875 3942 928 4011 sua
945 3946 1112 4017 latitudine
1129 3949 1181 4017 im·

122 4048 228 4119 neniae.
269 4054 370 4125 eene
385 4050 491 4130 nescio
506 4050 589 4127 hooc
611 4048 907 4137 denominationem
919 4056 1086 4147 morem,
1116 4081 1180 4128 nee

1053 4172 1179 4251 moenie
