2950 5092
285 589 290 600 ,
320 447 492 589 ¹atuor.
518 497 937 628 meronorrrnrro
1104 511 1172 590 ror

128 705 186 760 tuno
203 691 260 764 sirit
280 699 312 764 in
337 681 490 784 gradibus
512 711 533 780 7
553 695 681 764 minutis
707 692 985 782 16‘seeundis'47
1007 693 1174 778 eompletie

125 803 287 894 scorpionis.
329 811 513 882 Coniunsiio
529 811 570 878 de
586 829 648 900 qua
664 809 821 898 querebar
840 829 911 878 eum
922 829 986 877 non
1000 806 1034 876 srt
1050 803 1174 892 magna,

125 943 173 990 non
191 921 371 1012 perhibetur
398 924 569 1012 unornane
596 925 767 996 aduentum
787 923 957 1011 prophete.
1005 923 1046 992 si
1068 935 1174 992 tamen
1234 974 1240 985 .
1281 969 1289 978 -

124 1035 178 1104 talir
201 1035 270 1108 esset
290 1039 415 1126 qualem
440 1041 660 1127 proponebas,
693 1039 805 1110 indiesi
828 1037 1019 1141 ponstnsutio
1041 1056 1082 1106 ex
1100 1057 1169 1128 pre·

122 1153 278 1224 memoretis
298 1151 504 1240 scriptoribus
526 1143 708 1256 liaberetur.
836 1227 839 1236 ,

185 1379 296 1468 Querie
329 1379 457 1452 tandem
488 1393 614 1470 tempus
650 1383 878 1456 coniundiunie
911 1404 989 1456 uere
1023 1382 1170 1471 proxime

120 1489 197 1558 trium
225 1487 421 1580 superiorum
464 1495 636 1596 seeundum
680 1471 937 1569 codsuetudinem
979 1499 1169 1568 tabularum·
1242 1528 1259 1602 .‘
1332 1515 1336 1525 ’

120 1603 193 1672 Onus
210 1621 307 1688 graue
329 1607 499 1678 admodum
520 1613 598 1680 meis
621 1613 794 1701 imposuisti
814 1613 965 1700 humeris,
993 1613 1013 1682 ti
1037 1615 1168 1702 quidem

120 1719 186 1787 hand
204 1721 292 1790 facile
315 1719 359 1790 est
380 1721 568 1808 inuestigare
588 1737 713 1816 tempus
735 1729 842 1799 medie
863 1725 1090 1795 coniuniiionir
1115 1747 1191 1794 eon
1314 1741 1320 1752 ·

120 1853 192 1908 rum:
214 1837 384 1924 plurimum
405 1837 489 1906 enim
509 1837 655 1920 interest,
687 1843 787 1910 ueluti
810 1841 908 1923 nosti,
939 1843 1022 1908 inter
1046 1839 1107 1908 imo
1133 1853 1167 1910 et

118 1945 189 2018 iilud.
240 1951 346 2022 Credo
372 1951 392 2020 sr
414 1951 487 2038 quir
508 1951 625 2022 Alfonsr
653 1954 767 2024 tabulis
793 1965 846 2022 aut
873 1954 941 2022 aliis
968 1955 1062 2024 etiam
1083 1952 1169 2024 reso·

102 2045 174 2128 *lutis
193 2059 320 2142 usurus,
369 2063 546 2136 huiusmodi
571 2078 697 2154 tempus
718 2088 882 2166 numepare
907 2079 1070 2156 pergeret,
1110 2079 1167 2138 aut
1298 2099 1306 2108 r

117 2175 226 2246 sortuito
247 2179 398 2270 quesitum
419 2179 595 2266 inueniret,
639 2193 691 2252 aut
720 2161 785 2250 etar
817 2180 870 2249 sobi
894 2201 1093 2268 nequaquam
1113 2176 1171 2251 sira

102 2285 261 2362 sufficeret.
325 2289 361 2361 Si
379 2292 468 2380 ‘quie
498 2305 602 2366 tamen
636 2295 778 2366 curiosus
806 2297 909 2366 uideri
938 2297 1045 2364 mallet
1073 2317 1168 2384 quam
1283 2289 1288 2300 ’

118 2404 243 2492 prudens,
276 2425 338 2495 per
362 2406 483 2476 tabulae
505 2410 627 2480 Ioannis
651 2409 811 2479 blanchini
837 2429 929 2496 quam
951 2410 1080 2479 breuius
1107 2413 1164 2480 soe·
1234 2484 1241 2511 Ι

117 2525 133 2578 n
154 2519 259 2606 posset,
295 2521 331 2590 id
358 2533 571 2608 exequeretur
602 2523 767 2606 querendo
800 2521 905 2607 primo
935 2527 1066 2612 aliquae
1091 2512 1166 2596 c'on·

117 2631 262 2707 iuniiioner
292 2655 385 2706 uerae
416 2637 553 2706 duorum
574 2633 822 2722 ponderosorum
850 2657 921 2706 cum
944 2639 1023 2710 iocis
1054 2661 1165 2746 eorum
1196 2715 1199 2726 ,

117 2753 180 2816 ueris
202 2751 240 2821 ad
260 2765 405 2838 tempora
425 2748 604 2819 huiusmodi
620 2751 884 2832 coniuratorum,
910 2752 973 2820 srue
988 2774 1058 2822 eum
1075 2757 1164 2826 eron·
1219 2846 1223 2852 Ι
1245 2807 1249 2821 .

117 2863 266 2940 nationibus
288 2863 374 2934 ueris
396 2884 413 2932 a
432 2861 514 2938 solea
540 2866 657 2936 deinde
684 2867 894 2952 computando
917 2865 1022 2936 cursus
1044 2867 1163 2938 Martia

118 2991 187 3046 uuor
213 2977 271 3050 siue
301 2979 518 3066 elongationer
532 2962 536 2971 ¹
550 2981 616 3048 eius
647 2999 663 3046 a
693 2977 755 3048 sole
781 2979 821 3046 ad
842 2978 984 3066 predisia
1005 2987 1182 3066 tempora-¹

116 3089 190 3172 Quod
209 3093 376 3182 saliquam
397 3091 637 3170 coincidentiam
658 3093 802 3160 locorum
823 3110 972 3158 uotorum
992 3090 1053 3158 srue
1077 3082 1163 3162 eson-

117 3204 249 3282 gnionom
281 3229 299 3278 a
325 3204 388 3276 sole
409 3207 585 3287 inueniret,
621 3190 736 3274 metam
762 3205 896 3290 attigisse
922 3203 1108 3280 uidereturr
1141 3205 1163 3275 si
1190 3249 1195 3256 ι
1310 3288 1311 3297 ¹

117 3331 171 3382 uero
191 3307 268 3404 non,
291 3323 353 3390 alio
374 3319 565 3409 posteriores
585 3321 819 3392 cuniunstiones
834 3321 1061 3390 ueredunrum
1082 3339 1161 3408 pon·

115 3429 268 3506 derosorum
290 3435 453 3524 querende
475 3435 570 3506 esseut
597 3448 631 3506 ut
656 3437 757 3524 prius.
807 3437 873 3508 Sed
898 3428 1033 3536 insanire
1052 3424 1160 3521 potiar
1223 3447 1230 3469 ¹

115 3563 184 3628 quam
208 3549 409 3622 astronornice
438 3552 582 3620 exerceri
603 3553 768 3622 uideretur
789 3547 1012 3637 quisquis'tam
1036 3549 1159 3622 incerto

114 3666 216 3744 negotio
245 3667 382 3736 animum
410 3669 586 3755 opperiens.
653 3667 763 3736 Habes
794 3662 922 3739 tandem
953 3661 1004 3730 uir
1037 3665 1160 3752 optime
1196 3689 1202 3717 ι

114 3775 241 3866 quicquid
268 3775 537 3869 impresentiarum
565 3783 629 3854 tuis
656 3783 859 3865 interrogatis
882 3775 1020 3846 reddere
1049 3776 1159 3850 iibuitt

113 3905 192 3976 reque
213 3896 335 3966 ueniam
358 3897 442 3982 apud
465 3909 496 3964 te
525 3897 666 3964 habitum
690 3897 736 3963 iro
761 3914 812 3960 me
833 3892 959 3976 embigo
983 3876 1014 3961 si'
1034 3891 1179 3961 remisse·

112 4001 217 4078 rinion
240 4031 277 4082 ae
299 4013 453 4084 diminute
474 4009 710 4100 responderim,
739 4008 871 4098 penuria
891 4009 1055 4090 librorum,
1083 4029 1156 4078 con·
1187 4050 1189 4059 ,

582 4125 665 4211 M3
1063 4114 1168 4191 aitio'
1251 4197 1257 4206 ‚
