2950 5092
328 440 484 525 errsr.
510 376 948 531 numououmtru⁴
1025 392 1029 399 ’
1099 469 1175 549 ,ιη
1286 562 1290 572 ¹

130 635 207 730 nolo
226 636 307 725 qood
326 625 413 706 meis=
426 611 638 725 respondeant
656 637 799 719 litteris,
838 656 950 707 uerum
972 634 1066 707 etiam
1089 642 1178 727 quod

129 752 278 821 doliiotem
296 774 347 821 me
370 754 406 822 iu
425 751 495 821 dies
516 753 661 842 reddant,
687 764 719 820 et
745 773 798 818 ree
823 757 963 821 occultas
987 732 1178 839 inuestigan·
1220 732 1230 751 ⁸

128 865 155 931 di
178 851 267 936 calcar
291 868 453 938 adiiciant.
477 868 692 961 ¹immortales
715 867 816 950 igitur
841 868 1049 937 dominationi
1073 858 1177 939 uestro

127 983 220 1061 malias
246 984 365 1067 habeo,
406 1004 469 1071 que
496 962 561 1051 non
589 980 682 1049 cellat
712 984 860 1051 loannem
885 980 974 1051 suum
993 972 1178 1071 germanum

124 1097 294 1165 familiariter
315 1098 450 1176 adoriri.
490 1098 627 1179 Dabitis,
647 1097 751 1187 spero,
774 1098 899 1167 ueniam
919 1100 939 1167 fi
960 1098 1176 1187 responsiones

125 1210 171 1275 iue
193 1193 358 1282 decilooee
383 1209 499 1281 uestras
524 1207 565 1276 ad
590 1212 784 1299 interrogata
809 1234 878 1315 mea
905 1235 947 1283 ex
971 1217 1083 1285 ordine
1097 1242 1176 1303 me·
1236 1276 1241 1287 ,

122 1324 238 1392 minero:
276 1349 342 1417 non
362 1325 531 1415 equidem,
558 1326 603 1390 ita
627 1344 678 1389 me
700 1325 780 1393 deus
809 1341 911 1410 amet,
940 1321 1042 1398 animo
1064 1330 1175 1419 supet·

122 1436 210 1506 biendi
238 1455 290 1511 aut
314 1440 574 1529 reprehendendi
594 1437 671 1504 istec
696 1432 797 1521 fa'xo,¹
832 1444 888 1511 sed
913 1458 947 1515 ut
969 1446 1088 1525 ueritas,
1106 1444 1175 1535 ipsa
1242 1522 1245 1527 ,

120 1554 266 1645 lucescat„
293 1557 433 1625 conabor
462 1576 521 1641 pro
546 1554 669 1622 uiribus
697 1555 783 1621 circa‘
806 1558 920 1643 singula
950 1562 1174 1651 aliquantisper

118 1664 262 1743 immorari.
329 1676 365 1741 ln
395 1670 512 1759 primo·
532 1660 650 1758 questio
681 1668 774 1757 posui
799 1672 917 1741 stellam
951 1696 1042 1769 qnam
1068 1678 1107 1764 ³¹¹)
1138 1680 1173 1749 in
1243 1658 1249 1663 “

119 1786 198 1863 gradu
222 1803 263 1851 ιο
284 1772 414 1855 minutis
438 1802 482 1871 25
509 1783 591 1853 tauri
617 1784 678 1850 sme
699 1786 881 1866 latitudine,
913 1792 990 1857 item
1017 1797 1107 1860 aliam
1133 1794 1170 1865 in

118 1914 210 1982 §1027
233 1903 362 1970 minutis
386 1916 431 1987 29
459 1898 554 1967 tauri.
597 1896 715 1986 absque
736 1899 922 1995 latitudine,
957 1904 1086 1973 terciam
1113 1929 1172 1975 ue·
1296 1920 1302 1927 '

116 2030 143 2074 ro
167 2012 330 2085 habentem
359 2014 560 2083 latitudinem
579 2013 876 2101 septentrionalem,
919 2031 950 2086 et
969 2018 1172 2113 distantemfla
1270 2008 1273 2016 ’

116 2126 196 2207 prima
215 2151 274 2215 per
296 2153 347 2219 gr.
370 2126 392 2196 6
413 2110 532 2198 minuta
558 2135 612 2205 18.
638 2151 655 2196 a
680 2127 816 2214 secunda
838 2146 942 2200 autem
970 2156 1029 2219 per
1050 2157 1098 2221 gr.
1122 2152 1170 2200 20
1251 2148 1256 2153 '

115 2241 209 2312 minuta
233 2261 297 2332 47.
338 2244 579 2331 Respondistis:
612 2244 784 2349 srdaretur
803 2249 937 2315 alterum
958 2252 1096 2321 duorum
1121 2239 1171 2321 ui·

115 2355 211 2428 delicet
239 2377 292 2431 aut
319 2364 453 2439 latitudo
475 2366 575 2428 tercie
594 2357 683 2427 stelle
720 2360 761 2429 ab
790 2358 955 2449 ecliptica,
975 2438 980 2445 ,
997 2379 1050 2433 aut
1079 2371 1170 2465 locut

114 2470 163 2539 eius
181 2477 211 2545 in
231 2477 393 2566 ecliptica·
427 2475 588 2561 reliquum
614 2494 744 2575 quoque
769 2490 879 2544 notum
900 2468 1002 2551 fie'ret.
1042 2466 1169 2551 Verum

113 2582 173 2656 illud
198 2592 339 2675 dixistis,
378 2604 411 2659 et
442 2586 595 2657 solueram
624 2588 685 2655 hoc
701 2611 770 2673 per
797 2592 928 2675 figuram
959 2590 1087 2663 sesioris
1113 2582 1169 2666 aut
1203 2624 1206 2634 ·

112 2721 154 2784 per
172 2703 329 2779 scientiam
349 2708 580 2792 triangulorum
608 2699 798 2788 spheralium
824 2706 960 2777 facilem.
1012 2712 1111 2799 Quod
1130 2722 1169 2782 ut

111 2816 220 2892 lucidius
244 2825 451 2911 accipiatur,=
484 2821 519 2889 stt
545 2818 652 2903 portio
680 2814 741 2899 **)
776 2820 924 2905 ecliptice
955 2844 978 2891 x
1012 2846 1034 2911 q
1062 2814 1168 2909 prime

112 2928 175 3000 stella
195 2939 230 3007 lit
248 2940 328 3009 in'lt
350 2936 466 3015 oriotlo
489 2935 650 3031 ecliptice,
678 2930 815 3001 secunda
836 2936 869 3005 in
891 2940 915 3003 k
936 2938 1054 3023 pontio
1082 2936 1167 3007 eius·

111 3045 180 3130 dem,
202 3056 303 3121 tercia
325 3065 429 3123 autem
455 3053 489 3119 stt
508 3052 542 3118 in
563 3050 594 3115 L
615 3062 705 3115 extra
727 3048 918 3134 eclipticam,
944 3054 988 3119 ita
1013 3066 1048 3121 ut
1076 3073 1168 3123 arcus

110 3157 469 3251 liberorumne
503 3170 558 3247 18,
591 3185 682 3231 arcus
704 3184 780 3229 uero
805 3162 877 3247 qu
898 3184 946 3249 gr.
974 3180 1019 3227 ao
1046 3159 1168 3236 minuta

110 3288 152 3357 47·
172 3283 272 3367 Super
291 3280 453 3371 ponunt„
475 3278 556 3349 fauo
578 3283 653 3365 polo
674 3275 821 3345 describo
844 3278 996 3345 circulum
1017 3297 1168 3393 magnum
1211 3302 1215 3325 t

108 3386 130 3456 sl
144 3392 245 3480 stibera
266 3384 359 3467 cuiue
385 3398 474 3465 aiens
499 3418 519 3462 n
546 3416 568 3481 q
589 3394 748 3461 coincidet
771 3391 921 3479 ecliptice
947 3390 980 3460 in
1001 3396 1119 3479 punilo
1143 3418 1168 3483 q

109 3510 178 3583 iulus
204 3516 357 3601 ecliptico
378 3515 412 3580 stt
432 3533 453 3599 y
478 3532 537 3598 per
566 3530 661 3597 quem
694 3520 726 3575 et
752 3511 861 3593 polum
884 3505 997 3573 circuli
1020 3530 1041 3576 n
1064 3532 1085 3595 q
1108 3508 1167 3599 qui

109 3618 139 3685 est
156 3630 287 3711 pontius
313 3628 343 3695 L
363 3628 490 3695 incedat
514 3626 650 3693 cirotrlus
670 3623 770 3689 maior
792 3622 825 3687 in
847 3620 958 3707 sphera
978 3644 997 3711 y
1021 3622 1048 3690 L
1072 3620 1165 3690 nse·

109 3752 161 3807 ctos
183 3744 365 3833 eclipticam
385 3744 467 3812 inx
498 3754 530 3811 et
560 3735 850 3809 circumferentiam
876 3733 988 3804 circuli
1014 3734 1109 3825 supra
1134 3732 1166 3805 L

793 3857 796 3862 ’
1049 3916 1052 3925 .
1102 3855 1164 3925 de·

128 3933 151 4004 ')
167 3940 222 3993 llid.
243 3942 313 4003 Τὼ.
331 3959 357 4015 3,
375 3945 430 4011 Fig.
449 3948 484 3993 ll.
1148 3960 1154 3967 ·

98 4099 99 4162 ζ
127 4062 325 4137 ¹¹)vid1'rab.
342 4090 367 4146 3,
383 4049 437 4142 rig.
457 4072 509 4136 lli(

622 4115 863 4235 n'·'
