<?xml version="1.0" encoding="UTF-8"?>
<!DOCTYPE html PUBLIC "-//W3C//DTD XHTML 1.0 Transitional//EN"
    "http://www.w3.org/TR/xhtml1/DTD/xhtml1-transitional.dtd">
<html xmlns="http://www.w3.org/1999/xhtml" xml:lang="en" lang="en">
 <head>
  <title>
</title>
<meta http-equiv="Content-Type" content="text/html;charset=utf-8" />
  <meta name='ocr-system' content='tesseract 3.04.00' />
  <meta name='ocr-capabilities' content='ocr_page ocr_carea ocr_par ocr_line ocrx_word'/>
</head>
<body>
  <div class='ocr_page' id='page_1' title='image "./memorabiliabibl01altdgoog_0111.png"; bbox 0 0 2950 5092; ppageno 0'>
   <div class='ocr_carea' id='block_1_1' title="bbox 225 432 1156 591">
    <p class='ocr_par' dir='ltr' id='par_1_1' title="bbox 225 432 1156 591">
     <span class='ocr_line' id='line_1_1' title="bbox 225 432 1156 591; baseline 0.002 -30"><span class='ocrx_word' id='word_1_1' title='bbox 225 565 229 571; x_wconf 74' lang='grc'><strong>,</strong></span> <span class='ocrx_word' id='word_1_2' title='bbox 273 462 344 591; x_wconf 64' lang='lat' dir='ltr'>“rr</span> <span class='ocrx_word' id='word_1_3' title='bbox 513 476 801 561; x_wconf 74' lang='lat' dir='ltr'>effluent.</span> <span class='ocrx_word' id='word_1_4' title='bbox 827 432 1156 571; x_wconf 72' lang='lat' dir='ltr'>taurinen</span> 
     </span>
    </p>
   </div>
   <div class='ocr_carea' id='block_1_2' title="bbox 211 631 1377 1351">
    <p class='ocr_par' dir='ltr' id='par_1_2' title="bbox 211 631 1377 1234">
     <span class='ocr_line' id='line_1_2' title="bbox 296 631 1373 767; baseline -0.008 -11"><span class='ocrx_word' id='word_1_5' title='bbox 296 699 330 757; x_wconf 81' lang='lat' dir='ltr'>et</span> <span class='ocrx_word' id='word_1_6' title='bbox 353 684 428 754; x_wconf 86' lang='lat' dir='ltr'>luna·</span> <span class='ocrx_word' id='word_1_7' title='bbox 450 680 532 752; x_wconf 88' lang='lat' dir='ltr'>uiam</span> <span class='ocrx_word' id='word_1_8' title='bbox 548 674 709 753; x_wconf 81' lang='lat' dir='ltr'><strong>&#39;dedimus</strong></span> <span class='ocrx_word' id='word_1_9' title='bbox 734 679 777 746; x_wconf 90' lang='lat' dir='ltr'>de</span> <span class='ocrx_word' id='word_1_10' title='bbox 801 678 933 766; x_wconf 80' lang='lat' dir='ltr'>reliquis</span> <span class='ocrx_word' id='word_1_11' title='bbox 953 631 1057 749; x_wconf 82' lang='lat' dir='ltr'>autem</span> <span class='ocrx_word' id='word_1_12' title='bbox 1078 678 1214 767; x_wconf 86' lang='lat' dir='ltr'>quedam</span> <span class='ocrx_word' id='word_1_13' title='bbox 1233 648 1373 749; x_wconf 82' lang='lat' dir='ltr'>initialia</span> 
     </span>
     <span class='ocr_line' id='line_1_3' title="bbox 284 794 1373 885; baseline -0.009 -14"><span class='ocrx_word' id='word_1_14' title='bbox 284 800 375 871; x_wconf 65' lang='lat' dir='ltr'>‘inita</span> <span class='ocrx_word' id='word_1_15' title='bbox 396 798 478 869; x_wconf 84' lang='lat' dir='ltr'>sunt.</span> <span class='ocrx_word' id='word_1_16' title='bbox 512 796 630 885; x_wconf 84' lang='lat' dir='ltr'>quibus</span> <span class='ocrx_word' id='word_1_17' title='bbox 657 794 823 883; x_wconf 83' lang='lat' dir='ltr'>eompletis</span> <span class='ocrx_word' id='word_1_18' title='bbox 853 795 1036 883; x_wconf 83' lang='lat' dir='ltr'>equatienes</span> <span class='ocrx_word' id='word_1_19' title='bbox 1057 794 1196 863; x_wconf 87' lang='lat' dir='ltr'>emnium</span> <span class='ocrx_word' id='word_1_20' title='bbox 1223 794 1373 881; x_wconf 83' lang='lat' dir='ltr'>planeta·</span> 
     </span>
     <span class='ocr_line' id='line_1_4' title="bbox 211 908 1375 1013; baseline -0.009 -26"><span class='ocrx_word' id='word_1_21' title='bbox 211 928 215 939; x_wconf 83' lang='lat'>‘</span> <span class='ocrx_word' id='word_1_22' title='bbox 292 938 365 987; x_wconf 85' lang='lat' dir='ltr'>rum</span> <span class='ocrx_word' id='word_1_23' title='bbox 385 936 445 1003; x_wconf 87' lang='lat' dir='ltr'>per</span> <span class='ocrx_word' id='word_1_24' title='bbox 464 914 544 983; x_wconf 86' lang='lat' dir='ltr'>hane</span> <span class='ocrx_word' id='word_1_25' title='bbox 564 912 704 981; x_wconf 83' lang='lat' dir='ltr'>tabulam</span> <span class='ocrx_word' id='word_1_26' title='bbox 724 930 887 1013; x_wconf 81' lang='lat' dir='ltr'>numerare</span> <span class='ocrx_word' id='word_1_27' title='bbox 909 910 1031 980; x_wconf 83' lang='lat' dir='ltr'>licebit·</span> <span class='ocrx_word' id='word_1_28' title='bbox 1082 911 1132 977; x_wconf 89' lang='lat' dir='ltr'>De</span> <span class='ocrx_word' id='word_1_29' title='bbox 1151 910 1210 977; x_wconf 88' lang='lat' dir='ltr'>hae</span> <span class='ocrx_word' id='word_1_30' title='bbox 1230 930 1265 977; x_wconf 89' lang='lat' dir='ltr'>re</span> <span class='ocrx_word' id='word_1_31' title='bbox 1273 908 1375 979; x_wconf 87' lang='lat' dir='ltr'>&#39;nihil</span> 
     </span>
     <span class='ocr_line' id='line_1_5' title="bbox 295 1022 1376 1117; baseline -0.006 -18"><span class='ocrx_word' id='word_1_32' title='bbox 295 1028 430 1117; x_wconf 85' lang='lat' dir='ltr'>amplius</span> <span class='ocrx_word' id='word_1_33' title='bbox 462 1022 753 1114; x_wconf 79' lang='lat' dir='ltr'>impresentiarum,</span> <span class='ocrx_word' id='word_1_34' title='bbox 788 1048 828 1096; x_wconf 90' lang='lat' dir='ltr'>ne</span> <span class='ocrx_word' id='word_1_35' title='bbox 856 1026 984 1111; x_wconf 77' lang='lat' dir='ltr'>legendi</span> <span class='ocrx_word' id='word_1_36' title='bbox 1021 1024 1136 1113; x_wconf 84' lang='lat' dir='ltr'>scripta</span> <span class='ocrx_word' id='word_1_37' title='bbox 1164 1044 1234 1095; x_wconf 88' lang='lat' dir='ltr'>mea</span> <span class='ocrx_word' id='word_1_38' title='bbox 1265 1026 1376 1093; x_wconf 76' lang='lat' dir='ltr'>maine</span> 
     </span>
     <span class='ocr_line' id='line_1_6' title="bbox 214 1140 1377 1234; baseline -0.004 -20"><span class='ocrx_word' id='word_1_39' title='bbox 214 1177 218 1189; x_wconf 60' lang='lat'><strong><em>¹</em></strong></span> <span class='ocrx_word' id='word_1_40' title='bbox 295 1143 457 1234; x_wconf 84' lang='lat' dir='ltr'>patiamini</span> <span class='ocrx_word' id='word_1_41' title='bbox 479 1141 653 1223; x_wconf 85' lang='lat' dir='ltr'>fastidium,</span> <span class='ocrx_word' id='word_1_42' title='bbox 690 1162 783 1229; x_wconf 85' lang='lat' dir='ltr'>quarn</span> <span class='ocrx_word' id='word_1_43' title='bbox 811 1158 870 1225; x_wconf 79' lang='lat' dir='ltr'>ego</span> <span class='ocrx_word' id='word_1_44' title='bbox 899 1140 1065 1210; x_wconf 87' lang='lat' dir='ltr'>scribendo</span> <span class='ocrx_word' id='word_1_45' title='bbox 1097 1144 1292 1229; x_wconf 88' lang='lat' dir='ltr'>uoluptatem</span> <span class='ocrx_word' id='word_1_46' title='bbox 1318 1142 1377 1209; x_wconf 87' lang='lat' dir='ltr'>ha·</span> 
     </span>
    </p>

    <p class='ocr_par' dir='ltr' id='par_1_3' title="bbox 249 1254 1375 1351">
     <span class='ocr_line' id='line_1_7' title="bbox 249 1254 1375 1351; baseline -0.006 -21"><span class='ocrx_word' id='word_1_47' title='bbox 249 1307 252 1314; x_wconf 82' lang='lat'><em>·</em></span> <span class='ocrx_word' id='word_1_48' title='bbox 292 1262 399 1331; x_wconf 82' lang='lat' dir='ltr'>beam·</span> <span class='ocrx_word' id='word_1_49' title='bbox 442 1256 476 1329; x_wconf 89' lang='lat' dir='ltr'>Si</span> <span class='ocrx_word' id='word_1_50' title='bbox 500 1257 580 1345; x_wconf 83' lang='lat' dir='ltr'>quid</span> <span class='ocrx_word' id='word_1_51' title='bbox 604 1254 715 1325; x_wconf 86' lang='lat' dir='ltr'>harum</span> <span class='ocrx_word' id='word_1_52' title='bbox 740 1278 845 1326; x_wconf 89' lang='lat' dir='ltr'>terum</span> <span class='ocrx_word' id='word_1_53' title='bbox 871 1254 1038 1327; x_wconf 77' lang='lat' dir='ltr'>audentius</span> <span class='ocrx_word' id='word_1_54' title='bbox 1065 1276 1156 1351; x_wconf 77' lang='lat' dir='ltr'>eque</span> <span class='ocrx_word' id='word_1_55' title='bbox 1180 1254 1292 1325; x_wconf 83' lang='lat' dir='ltr'>dtxtsse</span> <span class='ocrx_word' id='word_1_56' title='bbox 1326 1257 1375 1323; x_wconf 83' lang='lat' dir='ltr'>ni·</span> 
     </span>
    </p>
   </div>
   <div class='ocr_carea' id='block_1_3' title="bbox 158 1370 1379 1460">
    <p class='ocr_par' dir='ltr' id='par_1_4' title="bbox 158 1370 1379 1460">
     <span class='ocr_line' id='line_1_8' title="bbox 158 1370 1379 1460; baseline 0.002 -23"><span class='ocrx_word' id='word_1_57' title='bbox 158 1407 166 1437; x_wconf 89' lang='lat' dir='ltr'>t</span> <span class='ocrx_word' id='word_1_58' title='bbox 280 1376 396 1453; x_wconf 57' lang='lat' dir='ltr'>:eleon</span> <span class='ocrx_word' id='word_1_59' title='bbox 421 1370 555 1460; x_wconf 82' lang='lat' dir='ltr'>posteris</span> <span class='ocrx_word' id='word_1_60' title='bbox 574 1372 689 1441; x_wconf 79' lang='lat' dir='ltr'>litteris</span> <span class='ocrx_word' id='word_1_61' title='bbox 715 1374 852 1443; x_wconf 84' lang='lat' dir='ltr'>rationes</span> <span class='ocrx_word' id='word_1_62' title='bbox 871 1392 955 1442; x_wconf 80' lang='lat' dir='ltr'>meas</span> <span class='ocrx_word' id='word_1_63' title='bbox 977 1372 1166 1442; x_wconf 82' lang='lat' dir='ltr'>luculentius</span> <span class='ocrx_word' id='word_1_64' title='bbox 1190 1372 1246 1453; x_wconf 87' lang='lat' dir='ltr'>(sre</span> <span class='ocrx_word' id='word_1_65' title='bbox 1267 1376 1379 1459; x_wconf 90' lang='lat' dir='ltr'>puto)</span> 
     </span>
    </p>
   </div>
   <div class='ocr_carea' id='block_1_4' title="bbox 294 1484 1381 1691">
    <p class='ocr_par' dir='ltr' id='par_1_5' title="bbox 294 1484 1381 1691">
     <span class='ocr_line' id='line_1_9' title="bbox 297 1484 1380 1577; baseline -0.007 -18"><span class='ocrx_word' id='word_1_66' title='bbox 297 1486 473 1576; x_wconf 77' lang='lat' dir='ltr'>accipietis:</span> <span class='ocrx_word' id='word_1_67' title='bbox 515 1488 649 1557; x_wconf 88' lang='lat' dir='ltr'>Mallem</span> <span class='ocrx_word' id='word_1_68' title='bbox 669 1498 773 1558; x_wconf 87' lang='lat' dir='ltr'>tamen</span> <span class='ocrx_word' id='word_1_69' title='bbox 795 1511 886 1571; x_wconf 88' lang='lat' dir='ltr'>uoce,</span> <span class='ocrx_word' id='word_1_70' title='bbox 907 1508 1000 1577; x_wconf 90' lang='lat' dir='ltr'>quarn</span> <span class='ocrx_word' id='word_1_71' title='bbox 1019 1492 1136 1571; x_wconf 74' lang='lat' dir='ltr'>calante</span> <span class='ocrx_word' id='word_1_72' title='bbox 1149 1484 1238 1555; x_wconf 81' lang='lat' dir='ltr'>&#39;trtsce</span> <span class='ocrx_word' id='word_1_73' title='bbox 1258 1487 1300 1555; x_wconf 87' lang='lat' dir='ltr'>de</span> <span class='ocrx_word' id='word_1_74' title='bbox 1324 1508 1380 1553; x_wconf 85' lang='lat' dir='ltr'>re-</span> 
     </span>
     <span class='ocr_line' id='line_1_10' title="bbox 294 1600 1381 1691; baseline -0.002 -18"><span class='ocrx_word' id='word_1_75' title='bbox 294 1606 357 1673; x_wconf 88' lang='lat' dir='ltr'>bus</span> <span class='ocrx_word' id='word_1_76' title='bbox 382 1600 541 1671; x_wconf 83' lang='lat' dir='ltr'>disserere.</span> <span class='ocrx_word' id='word_1_77' title='bbox 566 1602 691 1671; x_wconf 80' lang='lat' dir='ltr'>facilius</span> <span class='ocrx_word' id='word_1_78' title='bbox 713 1602 795 1669; x_wconf 89' lang='lat' dir='ltr'>enim</span> <span class='ocrx_word' id='word_1_79' title='bbox 816 1606 915 1671; x_wconf 89' lang='lat' dir='ltr'>multo</span> <span class='ocrx_word' id='word_1_80' title='bbox 938 1619 972 1671; x_wconf 90' lang='lat' dir='ltr'>et</span> <span class='ocrx_word' id='word_1_81' title='bbox 993 1604 1175 1691; x_wconf 80' lang='lat' dir='ltr'>expeditius</span> <span class='ocrx_word' id='word_1_82' title='bbox 1197 1606 1290 1682; x_wconf 83' lang='lat' dir='ltr'>foret,</span> <span class='ocrx_word' id='word_1_83' title='bbox 1314 1600 1381 1671; x_wconf 88' lang='lat' dir='ltr'>sed</span> 
     </span>
    </p>
   </div>
   <div class='ocr_carea' id='block_1_5' title="bbox 186 1714 1382 1803">
    <p class='ocr_par' dir='ltr' id='par_1_6' title="bbox 186 1714 1382 1803">
     <span class='ocr_line' id='line_1_11' title="bbox 186 1714 1382 1803; baseline -0.008 -11"><span class='ocrx_word' id='word_1_84' title='bbox 186 1764 189 1771; x_wconf 90' lang='lat'>·</span> <span class='ocrx_word' id='word_1_85' title='bbox 296 1723 375 1791; x_wconf 84' lang='lat' dir='ltr'>dum</span> <span class='ocrx_word' id='word_1_86' title='bbox 393 1719 428 1787; x_wconf 88' lang='lat' dir='ltr'>id</span> <span class='ocrx_word' id='word_1_87' title='bbox 449 1718 520 1787; x_wconf 86' lang='lat' dir='ltr'>fieri</span> <span class='ocrx_word' id='word_1_88' title='bbox 537 1716 660 1803; x_wconf 83' lang='lat' dir='ltr'>nequit,</span> <span class='ocrx_word' id='word_1_89' title='bbox 685 1714 794 1783; x_wconf 85' lang='lat' dir='ltr'>littere</span> <span class='ocrx_word' id='word_1_90' title='bbox 819 1718 907 1784; x_wconf 88' lang='lat' dir='ltr'>uocis</span> <span class='ocrx_word' id='word_1_91' title='bbox 927 1716 1031 1784; x_wconf 81' lang='lat' dir='ltr'>efficia</span> <span class='ocrx_word' id='word_1_92' title='bbox 1051 1714 1179 1795; x_wconf 86' lang='lat' dir='ltr'>sumant,</span> <span class='ocrx_word' id='word_1_93' title='bbox 1204 1736 1266 1799; x_wconf 88' lang='lat' dir='ltr'>que</span> <span class='ocrx_word' id='word_1_94' title='bbox 1279 1716 1382 1803; x_wconf 89' lang='lat' dir='ltr'>quic·</span> 
     </span>
    </p>
   </div>
   <div class='ocr_carea' id='block_1_6' title="bbox 269 1807 1398 2263">
    <p class='ocr_par' dir='ltr' id='par_1_7' title="bbox 269 1807 1398 2263">
     <span class='ocr_line' id='line_1_12' title="bbox 297 1807 1380 1925; baseline -0.006 -19"><span class='ocrx_word' id='word_1_95' title='bbox 297 1836 376 1925; x_wconf 81' lang='lat' dir='ltr'>quid</span> <span class='ocrx_word' id='word_1_96' title='bbox 401 1838 533 1903; x_wconf 83' lang='lat' dir='ltr'>afferent</span> <span class='ocrx_word' id='word_1_97' title='bbox 569 1830 672 1900; x_wconf 86' lang='lat' dir='ltr'>ueltro</span> <span class='ocrx_word' id='word_1_98' title='bbox 702 1807 823 1897; x_wconf 81' lang='lat' dir='ltr'>iudicie</span> <span class='ocrx_word' id='word_1_99' title='bbox 851 1828 1024 1919; x_wconf 85' lang='lat' dir='ltr'>liprandum</span> <span class='ocrx_word' id='word_1_100' title='bbox 1051 1830 1123 1899; x_wconf 86' lang='lat' dir='ltr'>erit.</span> <span class='ocrx_word' id='word_1_101' title='bbox 1166 1827 1334 1899; x_wconf 87' lang='lat' dir='ltr'>Institui</span> <span class='ocrx_word' id='word_1_102' title='bbox 1325 1852 1380 1899; x_wconf 86' lang='lat' dir='ltr'>tre</span> 
     </span>
     <span class='ocr_line' id='line_1_13' title="bbox 294 1920 1383 2032; baseline -0.003 -14"><span class='ocrx_word' id='word_1_103' title='bbox 294 1947 518 2032; x_wconf 75' lang='lat' dir='ltr'><strong>Mediolanum</strong></span> <span class='ocrx_word' id='word_1_104' title='bbox 543 1965 603 2031; x_wconf 87' lang='lat' dir='ltr'>pro</span> <span class='ocrx_word' id='word_1_105' title='bbox 625 1957 712 2013; x_wconf 87' lang='lat' dir='ltr'>certo</span> <span class='ocrx_word' id='word_1_106' title='bbox 732 1944 872 2031; x_wconf 77' lang='lat' dir='ltr'>negotio</span> <span class='ocrx_word' id='word_1_107' title='bbox 919 1941 1017 2012; x_wconf 88' lang='lat' dir='ltr'>Nunc</span> <span class='ocrx_word' id='word_1_108' title='bbox 1048 1920 1169 2029; x_wconf 84' lang='lat' dir='ltr'>reliqui</span> <span class='ocrx_word' id='word_1_109' title='bbox 1189 1946 1268 2014; x_wconf 83' lang='lat' dir='ltr'>nihil</span> <span class='ocrx_word' id='word_1_110' title='bbox 1295 1944 1383 2015; x_wconf 88' lang='lat' dir='ltr'>scri·</span> 
     </span>
     <span class='ocr_line' id='line_1_14' title="bbox 269 2056 1381 2165; baseline 0.001 -33"><span class='ocrx_word' id='word_1_111' title='bbox 269 2062 394 2165; x_wconf 39' lang='lat' dir='ltr'>&#39;&#39;bendi</span> <span class='ocrx_word' id='word_1_112' title='bbox 416 2062 460 2130; x_wconf 82' lang='lat' dir='ltr'>est</span> <span class='ocrx_word' id='word_1_113' title='bbox 479 2057 650 2157; x_wconf 70' lang='lat' dir='ltr'>sententia,</span> <span class='ocrx_word' id='word_1_114' title='bbox 671 2080 785 2160; x_wconf 86' lang='lat' dir='ltr'>uerum</span> <span class='ocrx_word' id='word_1_115' title='bbox 805 2058 930 2143; x_wconf 87' lang='lat' dir='ltr'>operiar</span> <span class='ocrx_word' id='word_1_116' title='bbox 951 2056 1071 2126; x_wconf 80' lang='lat' dir='ltr'>litteras</span> <span class='ocrx_word' id='word_1_117' title='bbox 1094 2060 1210 2139; x_wconf 76' lang='lat' dir='ltr'>uestras</span> <span class='ocrx_word' id='word_1_118' title='bbox 1231 2062 1381 2133; x_wconf 87' lang='lat' dir='ltr'>dulcilli·</span> 
     </span>
     <span class='ocr_line' id='line_1_15' title="bbox 281 2170 1398 2263; baseline 0 -15"><span class='ocrx_word' id='word_1_119' title='bbox 281 2197 361 2251; x_wconf 65' lang='grc' dir='ltr'>τηις</span> <span class='ocrx_word' id='word_1_120' title='bbox 382 2190 476 2261; x_wconf 82' lang='lat' dir='ltr'>atque</span> <span class='ocrx_word' id='word_1_121' title='bbox 497 2177 534 2245; x_wconf 76' lang='lat' dir='ltr'>ut</span> <span class='ocrx_word' id='word_1_122' title='bbox 557 2176 704 2244; x_wconf 88' lang='lat' dir='ltr'>materies</span> <span class='ocrx_word' id='word_1_123' title='bbox 728 2172 769 2241; x_wconf 86' lang='lat' dir='ltr'>ad</span> <span class='ocrx_word' id='word_1_124' title='bbox 789 2192 840 2241; x_wconf 89' lang='lat' dir='ltr'>me</span> <span class='ocrx_word' id='word_1_125' title='bbox 868 2170 1028 2243; x_wconf 85' lang='lat' dir='ltr'>scribendi</span> <span class='ocrx_word' id='word_1_126' title='bbox 1054 2172 1398 2263; x_wconf 53' lang='lat' dir='ltr'>detursquellionee</span> 
     </span>
    </p>
   </div>
   <div class='ocr_carea' id='block_1_7' title="bbox 107 2256 799 2378">
    <p class='ocr_par' dir='ltr' id='par_1_8' title="bbox 107 2256 799 2378">
     <span class='ocr_line' id='line_1_16' title="bbox 107 2256 799 2378; baseline -0.01 -15"><span class='ocrx_word' id='word_1_127' title='bbox 107 2256 111 2264; x_wconf 24' lang='grc' dir='ltr'>Ι</span> <span class='ocrx_word' id='word_1_128' title='bbox 169 2358 175 2367; x_wconf 86' lang='grc'><strong>,</strong></span> <span class='ocrx_word' id='word_1_129' title='bbox 293 2292 423 2361; x_wconf 83' lang='lat' dir='ltr'>luittere</span> <span class='ocrx_word' id='word_1_130' title='bbox 444 2288 576 2359; x_wconf 86' lang='lat' dir='ltr'>decreui</span> <span class='ocrx_word' id='word_1_131' title='bbox 598 2286 799 2378; x_wconf 83' lang='lat' dir='ltr'>subscriptas.</span> 
     </span>
    </p>
   </div>
   <div class='ocr_carea' id='block_1_8' title="bbox 238 2430 1397 3033">
    <p class='ocr_par' dir='ltr' id='par_1_9' title="bbox 238 2430 1388 3023">
     <span class='ocr_line' id='line_1_17' title="bbox 239 2430 1382 2553; baseline -0.003 -19"><span class='ocrx_word' id='word_1_132' title='bbox 239 2525 242 2534; x_wconf 91' lang='lat'><em>.</em></span> <span class='ocrx_word' id='word_1_133' title='bbox 361 2460 412 2532; x_wconf 86' lang='lat' dir='ltr'>Est</span> <span class='ocrx_word' id='word_1_134' title='bbox 435 2452 572 2551; x_wconf 82' lang='lat' dir='ltr'>q&#39;uedam</span> <span class='ocrx_word' id='word_1_135' title='bbox 595 2454 682 2524; x_wconf 85' lang='lat' dir='ltr'>stella</span> <span class='ocrx_word' id='word_1_136' title='bbox 700 2456 867 2525; x_wconf 86' lang='lat' dir='ltr'>latitudine</span> <span class='ocrx_word' id='word_1_137' title='bbox 890 2478 999 2531; x_wconf 83' lang='lat' dir='ltr'>carens</span> <span class='ocrx_word' id='word_1_138' title='bbox 1025 2460 1056 2529; x_wconf 91' lang='lat' dir='ltr'>in</span> <span class='ocrx_word' id='word_1_139' title='bbox 1079 2480 1129 2549; x_wconf 80' lang='lat' dir='ltr'>gt.</span> <span class='ocrx_word' id='word_1_140' title='bbox 1154 2430 1297 2531; x_wconf 76' lang='lat' dir='ltr'>tanain.</span> <span class='ocrx_word' id='word_1_141' title='bbox 1331 2482 1382 2553; x_wconf 82' lang='lat'>25</span> 
     </span>
     <span class='ocr_line' id='line_1_18' title="bbox 296 2558 1387 2665; baseline -0.003 -13"><span class='ocrx_word' id='word_1_142' title='bbox 296 2581 398 2663; x_wconf 80' lang='lat' dir='ltr'>lauri,</span> <span class='ocrx_word' id='word_1_143' title='bbox 424 2590 457 2647; x_wconf 79' lang='lat' dir='ltr'>et</span> <span class='ocrx_word' id='word_1_144' title='bbox 483 2576 542 2647; x_wconf 83' lang='lat' dir='ltr'>alia</span> <span class='ocrx_word' id='word_1_145' title='bbox 567 2574 644 2641; x_wconf 87' lang='lat' dir='ltr'>item</span> <span class='ocrx_word' id='word_1_146' title='bbox 664 2570 696 2640; x_wconf 85' lang='lat' dir='ltr'>in</span> <span class='ocrx_word' id='word_1_147' title='bbox 716 2588 764 2654; x_wconf 74' lang='lat' dir='ltr'>gr</span> <span class='ocrx_word' id='word_1_148' title='bbox 790 2586 834 2657; x_wconf 88' lang='lat'>27</span> <span class='ocrx_word' id='word_1_149' title='bbox 860 2572 938 2647; x_wconf 86' lang='grc' dir='ltr'>ιιιὶιι</span> <span class='ocrx_word' id='word_1_150' title='bbox 962 2590 1006 2661; x_wconf 79' lang='lat'>29</span> <span class='ocrx_word' id='word_1_151' title='bbox 1036 2571 1137 2660; x_wconf 83' lang='lat' dir='ltr'>tauri,</span> <span class='ocrx_word' id='word_1_152' title='bbox 1163 2558 1283 2665; x_wconf 79' lang='lat' dir='ltr'>absque</span> <span class='ocrx_word' id='word_1_153' title='bbox 1305 2584 1387 2649; x_wconf 86' lang='lat' dir='ltr'>lati·</span> 
     </span>
     <span class='ocr_line' id='line_1_19' title="bbox 296 2666 1388 2813; baseline -0.001 -50"><span class='ocrx_word' id='word_1_154' title='bbox 296 2698 427 2777; x_wconf 87' lang='lat' dir='ltr'>tudine,</span> <span class='ocrx_word' id='word_1_155' title='bbox 459 2690 553 2761; x_wconf 81' lang='lat' dir='ltr'>tertia</span> <span class='ocrx_word' id='word_1_156' title='bbox 583 2701 687 2757; x_wconf 90' lang='lat' dir='ltr'>antem</span> <span class='ocrx_word' id='word_1_157' title='bbox 712 2666 913 2795; x_wconf 82' lang='lat' dir='ltr'>latitudinem</span> <span class='ocrx_word' id='word_1_158' title='bbox 933 2689 1053 2759; x_wconf 81' lang='lat' dir='ltr'>habens</span> <span class='ocrx_word' id='word_1_159' title='bbox 1075 2689 1388 2813; x_wconf 81' lang='lat' dir='ltr'>septentrionalem,</span> 
     </span>
     <span class='ocr_line' id='line_1_20' title="bbox 238 2779 1388 2897; baseline 0.001 -17"><span class='ocrx_word' id='word_1_160' title='bbox 238 2804 254 2875; x_wconf 74' lang='grc'>.’</span> <span class='ocrx_word' id='word_1_161' title='bbox 296 2808 427 2880; x_wconf 82' lang='lat' dir='ltr'>distata</span> <span class='ocrx_word' id='word_1_162' title='bbox 451 2806 555 2895; x_wconf 88' lang='lat' dir='ltr'>prima</span> <span class='ocrx_word' id='word_1_163' title='bbox 579 2825 639 2891; x_wconf 87' lang='lat' dir='ltr'>per</span> <span class='ocrx_word' id='word_1_164' title='bbox 665 2779 937 2891; x_wconf 63' lang='lat' dir='ltr'>gr.‘6min.1t28</span> <span class='ocrx_word' id='word_1_165' title='bbox 964 2804 1075 2881; x_wconf 75' lang='lat' dir='ltr'>citeuli</span> <span class='ocrx_word' id='word_1_166' title='bbox 1102 2785 1214 2893; x_wconf 77' lang='lat' dir='ltr'>magni</span> <span class='ocrx_word' id='word_1_167' title='bbox 1231 2830 1293 2897; x_wconf 86' lang='lat' dir='ltr'>pet·</span> <span class='ocrx_word' id='word_1_168' title='bbox 1326 2836 1388 2881; x_wconf 83' lang='lat' dir='ltr'>ea</span> 
     </span>
     <span class='ocr_line' id='line_1_21' title="bbox 255 2916 1397 3033; baseline 0.002 -39"><span class='ocrx_word' id='word_1_169' title='bbox 255 3012 267 3023; x_wconf 21' lang='grc' dir='ltr'>ἢ</span> <span class='ocrx_word' id='word_1_170' title='bbox 295 2944 366 2994; x_wconf 84' lang='lat' dir='ltr'>rum</span> <span class='ocrx_word' id='word_1_171' title='bbox 392 2934 500 2989; x_wconf 84' lang='lat' dir='ltr'>centra</span> <span class='ocrx_word' id='word_1_172' title='bbox 523 2918 733 3001; x_wconf 81' lang='lat' dir='ltr'>transeuntis,</span> <span class='ocrx_word' id='word_1_173' title='bbox 759 2938 777 2986; x_wconf 86' lang='lat' dir='ltr'>a</span> <span class='ocrx_word' id='word_1_174' title='bbox 808 2916 942 2989; x_wconf 77' lang='lat' dir='ltr'>secunda</span> <span class='ocrx_word' id='word_1_175' title='bbox 970 2934 1074 2989; x_wconf 80' lang='lat' dir='ltr'>autem</span> <span class='ocrx_word' id='word_1_176' title='bbox 1088 2920 1223 2991; x_wconf 86' lang='lat' dir='ltr'>distat</span> <span class='ocrx_word' id='word_1_177' title='bbox 1204 2946 1275 3033; x_wconf 34' lang='lat' dir='ltr'>*pet</span> <span class='ocrx_word' id='word_1_178' title='bbox 1300 2944 1397 3011; x_wconf 78' lang='lat' dir='ltr'>gra·</span> 
     </span>
    </p>
   </div>
   <div class='ocr_carea' id='block_1_9' title="bbox 270 3025 1397 3241">
    <p class='ocr_par' dir='ltr' id='par_1_10' title="bbox 270 3025 1397 3241">
     <span class='ocr_line' id='line_1_22' title="bbox 270 3025 1397 3123; baseline 0.003 -15"><span class='ocrx_word' id='word_1_179' title='bbox 270 3025 357 3108; x_wconf 80' lang='lat' dir='ltr'>-&#39;dus</span> <span class='ocrx_word' id='word_1_180' title='bbox 384 3055 429 3102; x_wconf 87' lang='lat'>20</span> <span class='ocrx_word' id='word_1_181' title='bbox 455 3036 531 3105; x_wconf 89' lang='lat' dir='ltr'>min</span> <span class='ocrx_word' id='word_1_182' title='bbox 552 3049 612 3121; x_wconf 84' lang='lat'>47</span> <span class='ocrx_word' id='word_1_183' title='bbox 656 3038 767 3123; x_wconf 85' lang='lat' dir='ltr'>Quern</span> <span class='ocrx_word' id='word_1_184' title='bbox 792 3054 905 3101; x_wconf 86' lang='lat' dir='ltr'>uerum</span> <span class='ocrx_word' id='word_1_185' title='bbox 930 3036 1035 3106; x_wconf 83' lang='lat' dir='ltr'>lecum</span> <span class='ocrx_word' id='word_1_186' title='bbox 1061 3038 1155 3107; x_wconf 77' lang='lat' dir='ltr'>huius</span> <span class='ocrx_word' id='word_1_187' title='bbox 1181 3038 1277 3108; x_wconf 84' lang='lat' dir='ltr'>tertie</span> <span class='ocrx_word' id='word_1_188' title='bbox 1303 3042 1397 3118; x_wconf 76' lang='lat' dir='ltr'>stell</span> 
     </span>
     <span class='ocr_line' id='line_1_23' title="bbox 294 3147 926 3241; baseline -0.016 -17"><span class='ocrx_word' id='word_1_189' title='bbox 294 3153 361 3225; x_wconf 89' lang='lat' dir='ltr'>le</span> <span class='ocrx_word' id='word_1_190' title='bbox 351 3174 385 3223; x_wconf 87' lang='lat' dir='ltr'>tn</span> <span class='ocrx_word' id='word_1_191' title='bbox 406 3152 553 3241; x_wconf 87' lang='lat' dir='ltr'>ecliptica</span> <span class='ocrx_word' id='word_1_192' title='bbox 575 3162 607 3219; x_wconf 91' lang='lat' dir='ltr'>et</span> <span class='ocrx_word' id='word_1_193' title='bbox 628 3150 696 3221; x_wconf 89' lang='lat' dir='ltr'>eius</span> <span class='ocrx_word' id='word_1_194' title='bbox 716 3147 926 3225; x_wconf 80' lang='lat' dir='ltr'>latitudinem</span> 
     </span>
    </p>
   </div>
   <div class='ocr_carea' id='block_1_10' title="bbox 278 3287 1396 3673">
    <p class='ocr_par' dir='ltr' id='par_1_11' title="bbox 278 3287 1396 3673">
     <span class='ocr_line' id='line_1_24' title="bbox 360 3287 1393 3439; baseline 0.01 -36"><span class='ocrx_word' id='word_1_195' title='bbox 360 3333 442 3403; x_wconf 86' lang='lat' dir='ltr'>Sunt</span> <span class='ocrx_word' id='word_1_196' title='bbox 463 3333 527 3404; x_wconf 88' lang='lat' dir='ltr'>due</span> <span class='ocrx_word' id='word_1_197' title='bbox 545 3330 721 3403; x_wconf 60' lang='lat' dir='ltr'>stellefixe</span> <span class='ocrx_word' id='word_1_198' title='bbox 740 3336 788 3439; x_wconf 78' lang='lat' dir='ltr'>ab</span> <span class='ocrx_word' id='word_1_199' title='bbox 814 3334 963 3423; x_wconf 75' lang='lat' dir='ltr'>ecliptica</span> <span class='ocrx_word' id='word_1_200' title='bbox 989 3336 1097 3407; x_wconf 80' lang='lat' dir='ltr'>uersus</span> <span class='ocrx_word' id='word_1_201' title='bbox 1122 3287 1393 3425; x_wconf 73' lang='lat' dir='ltr'>septentrionem</span> 
     </span>
     <span class='ocr_line' id='line_1_25' title="bbox 278 3449 1396 3539; baseline 0.008 -22"><span class='ocrx_word' id='word_1_202' title='bbox 278 3453 455 3536; x_wconf 61' lang='lat' dir='ltr'>:elongate</span> <span class='ocrx_word' id='word_1_203' title='bbox 491 3469 624 3536; x_wconf 87' lang='lat' dir='ltr'>quarum</span> <span class='ocrx_word' id='word_1_204' title='bbox 649 3450 742 3519; x_wconf 89' lang='lat' dir='ltr'>unius</span> <span class='ocrx_word' id='word_1_205' title='bbox 763 3451 896 3521; x_wconf 87' lang='lat' dir='ltr'>latitudo</span> <span class='ocrx_word' id='word_1_206' title='bbox 918 3452 963 3521; x_wconf 87' lang='lat' dir='ltr'>est</span> <span class='ocrx_word' id='word_1_207' title='bbox 980 3470 1031 3539; x_wconf 74' lang='lat' dir='ltr'>gr.</span> <span class='ocrx_word' id='word_1_208' title='bbox 1053 3468 1075 3539; x_wconf 89' lang='lat'>9</span> <span class='ocrx_word' id='word_1_209' title='bbox 1100 3453 1181 3523; x_wconf 82' lang='lat' dir='ltr'>min.</span> <span class='ocrx_word' id='word_1_210' title='bbox 1208 3449 1266 3525; x_wconf 62' lang='grc' dir='ltr'>τό.</span> <span class='ocrx_word' id='word_1_211' title='bbox 1296 3460 1396 3525; x_wconf 51' lang='lat' dir='ltr'>alte*</span> 
     </span>
     <span class='ocr_line' id='line_1_26' title="bbox 287 3565 1396 3673; baseline 0.005 -39"><span class='ocrx_word' id='word_1_212' title='bbox 287 3566 363 3635; x_wconf 77' lang='lat' dir='ltr'>aius</span> <span class='ocrx_word' id='word_1_213' title='bbox 389 3584 466 3653; x_wconf 82' lang='lat' dir='ltr'>uero</span> <span class='ocrx_word' id='word_1_214' title='bbox 494 3583 544 3649; x_wconf 75' lang='lat' dir='ltr'>gr.</span> <span class='ocrx_word' id='word_1_215' title='bbox 568 3581 612 3653; x_wconf 85' lang='lat'>35</span> <span class='ocrx_word' id='word_1_216' title='bbox 635 3565 712 3638; x_wconf 87' lang='lat' dir='ltr'>min.</span> <span class='ocrx_word' id='word_1_217' title='bbox 744 3582 801 3653; x_wconf 82' lang='lat'>53.</span> <span class='ocrx_word' id='word_1_218' title='bbox 827 3567 971 3639; x_wconf 75' lang='lat' dir='ltr'>distantia</span> <span class='ocrx_word' id='word_1_219' title='bbox 996 3584 1102 3639; x_wconf 81' lang='lat' dir='ltr'>autem</span> <span class='ocrx_word' id='word_1_220' title='bbox 1126 3569 1211 3641; x_wconf 86' lang='lat' dir='ltr'>inter</span> <span class='ocrx_word' id='word_1_221' title='bbox 1233 3572 1396 3673; x_wconf 63' lang='lat' dir='ltr'>eorporal</span> 
     </span>
    </p>
   </div>
   <div class='ocr_carea' id='block_1_11' title="bbox 251 3676 1396 3917">
    <p class='ocr_par' dir='ltr' id='par_1_12' title="bbox 251 3676 1396 3917">
     <span class='ocr_line' id='line_1_27' title="bbox 293 3676 1396 3783; baseline 0.009 -34"><span class='ocrx_word' id='word_1_222' title='bbox 293 3676 452 3750; x_wconf 76' lang='lat' dir='ltr'>stellarum</span> <span class='ocrx_word' id='word_1_223' title='bbox 477 3678 521 3747; x_wconf 83' lang='lat' dir='ltr'>est</span> <span class='ocrx_word' id='word_1_224' title='bbox 546 3698 595 3765; x_wconf 72' lang='lat' dir='ltr'>gr.</span> <span class='ocrx_word' id='word_1_225' title='bbox 620 3684 639 3759; x_wconf 83' lang='lat'>8</span> <span class='ocrx_word' id='word_1_226' title='bbox 670 3682 748 3757; x_wconf 86' lang='lat' dir='ltr'>min.</span> <span class='ocrx_word' id='word_1_227' title='bbox 772 3697 834 3771; x_wconf 78' lang='lat'>45.</span> <span class='ocrx_word' id='word_1_228' title='bbox 860 3704 960 3775; x_wconf 85' lang='lat' dir='ltr'>quero</span> <span class='ocrx_word' id='word_1_229' title='bbox 992 3696 1144 3783; x_wconf 74' lang='lat' dir='ltr'>quantum</span> <span class='ocrx_word' id='word_1_230' title='bbox 1164 3682 1280 3758; x_wconf 74' lang='lat' dir='ltr'>distein</span> <span class='ocrx_word' id='word_1_231' title='bbox 1305 3682 1396 3759; x_wconf 80' lang='lat' dir='ltr'>local</span> 
     </span>
     <span class='ocr_line' id='line_1_28' title="bbox 251 3792 681 3917; baseline 0.005 -52"><span class='ocrx_word' id='word_1_232' title='bbox 251 3793 254 3798; x_wconf 71' lang='grc'>’</span> <span class='ocrx_word' id='word_1_233' title='bbox 293 3792 349 3865; x_wconf 87' lang='lat' dir='ltr'>sua</span> <span class='ocrx_word' id='word_1_234' title='bbox 367 3816 446 3917; x_wconf 70' lang='lat' dir='ltr'>pera</span> <span class='ocrx_word' id='word_1_235' title='bbox 465 3794 500 3865; x_wconf 91' lang='lat' dir='ltr'>in</span> <span class='ocrx_word' id='word_1_236' title='bbox 521 3796 681 3886; x_wconf 80' lang='lat' dir='ltr'>ecliptica.</span> 
     </span>
    </p>
   </div>
   <div class='ocr_carea' id='block_1_12' title="bbox 353 3944 1395 4063">
    <p class='ocr_par' dir='ltr' id='par_1_13' title="bbox 353 3944 1395 4063">
     <span class='ocr_line' id='line_1_29' title="bbox 353 3944 1395 4063; baseline 0.014 -30"><span class='ocrx_word' id='word_1_237' title='bbox 353 3965 405 4034; x_wconf 81' lang='lat' dir='ltr'>Est</span> <span class='ocrx_word' id='word_1_238' title='bbox 428 3969 564 4037; x_wconf 86' lang='lat' dir='ltr'>circulus</span> <span class='ocrx_word' id='word_1_239' title='bbox 588 3944 778 4045; x_wconf 86' lang='lat' dir='ltr'>diametrum</span> <span class='ocrx_word' id='word_1_240' title='bbox 796 3974 916 4047; x_wconf 82' lang='lat' dir='ltr'>habens</span> <span class='ocrx_word' id='word_1_241' title='bbox 937 3967 985 4039; x_wconf 83' lang='lat'>60</span> <span class='ocrx_word' id='word_1_242' title='bbox 1005 3972 1138 4063; x_wconf 86' lang='lat' dir='ltr'>pedum,</span> <span class='ocrx_word' id='word_1_243' title='bbox 1163 3970 1238 4043; x_wconf 84' lang='lat' dir='ltr'>hnic</span> <span class='ocrx_word' id='word_1_244' title='bbox 1256 3972 1395 4049; x_wconf 83' lang='lat' dir='ltr'>inseri</span> 
     </span>
    </p>
   </div>
   <div class='ocr_carea' id='block_1_13' title="bbox 292 4072 1395 4340">
    <p class='ocr_par' dir='ltr' id='par_1_14' title="bbox 292 4072 1395 4340">
     <span class='ocr_line' id='line_1_30' title="bbox 292 4072 1395 4340; baseline -0.005 -175"><span class='ocrx_word' id='word_1_245' title='bbox 292 4086 387 4165; x_wconf 68' lang='lat' dir='ltr'>vtum</span> <span class='ocrx_word' id='word_1_246' title='bbox 405 4079 457 4152; x_wconf 73' lang='lat' dir='ltr'>est</span> <span class='ocrx_word' id='word_1_247' title='bbox 483 4084 752 4217; x_wconf 78' lang='lat' dir='ltr'>quadrangulum,</span> <span class='ocrx_word' id='word_1_248' title='bbox 778 4090 869 4169; x_wconf 75' lang='lat' dir='ltr'>cuius</span> <span class='ocrx_word' id='word_1_249' title='bbox 902 4102 1037 4185; x_wconf 84' lang='lat' dir='ltr'>quatuor</span> <span class='ocrx_word' id='word_1_250' title='bbox 1061 4092 1160 4165; x_wconf 85' lang='lat' dir='ltr'>latera</span> <span class='ocrx_word' id='word_1_251' title='bbox 1183 4072 1395 4340; x_wconf 28' lang='lat' dir='ltr'>proportioss</span> 
     </span>
     <span class='ocr_line' id='line_1_31' title="bbox 400 4227 1376 4281; baseline -0.009 5"><span class='ocrx_word' id='word_1_252' title='bbox 400 4227 402 4234; x_wconf 89' lang='lat'>&#39;</span> <span class='ocrx_word' id='word_1_253' title='bbox 1317 4228 1376 4281; x_wconf 81' lang='lat' dir='ltr'>ne</span> 
     </span>
    </p>
   </div>
   <div class='ocr_carea' id='block_1_14' title="bbox 0 0 1480 5092">
    <p class='ocr_par' dir='ltr' id='par_1_15' title="bbox 0 0 1480 5092">
     <span class='ocr_line' id='line_1_32' title="bbox 0 0 1480 5092; baseline 0 0"><span class='ocrx_word' id='word_1_254' title='bbox 0 0 1480 5092; x_wconf 95' lang='lat' dir='ltr'> </span> 
     </span>
    </p>
   </div>
  </div>
 </body>
</html>
