2950 5092
309 445 383 518 160
546 435 815 520 ,BIBLIOTil
838 433 971 532 mu.
993 439 1119 547 uult

388 629 461 700 ilec
486 633 605 704 luerint
631 645 779 723 tanquam
802 640 980 725 colloquia,
1015 651 1055 707 ut
1077 639 1175 709 moria
1198 639 1262 726 ett,
1293 653 1352 714 ule
1377 682 1379 687 ·

309 763 427 814 cenam.
492 749 554 816 iam
579 763 683 818 autem
714 751 819 817 fasani
845 771 882 816 ac
908 748 1060 837 perdices
1088 760 1277 841 afferentur,
1304 755 1351 828 sed

305 864 422 934 samem
440 861 566 933 fortasst
590 877 676 935 tuam
702 887 767 935 non
787 865 975 954 explebunt.

223 1161 233 1170 .
387 1079 421 1152 8.
443 1075 512 1144 Emi
537 1085 608 1156 240
632 1091 707 1140 aues
726 1071 865 1142 denariis
893 1071 1023 1157 ¹⁶047‚
1058 1086 1147 1144 erant
1169 1086 1273 1146 autem
1289 1090 1379 1175 aucti

302 1185 373 1276 ipse
391 1187 486 1256 trium
507 1184 695 1274 specierum,
728 1186 832 1254 utoni
856 1187 1007 1277 uidelicet
1030 1192 1179 1275 perdices
1198 1205 1231 1264 ct
1248 1181 1355 1258 colum·
1377 1200 1379 1263 !

278 1299 358 1378 ’δὴ
399 1303 539 1370 Fastauuc
560 1299 696 1387 quilibet
717 1301 881 1371 emebatur
899 1317 948 1388 97
967 1305 1130 1385 denariise
1153 1307 1269 1390 perdix
1288 1325 1355 1392 que·

302 1439 367 1505 que
389 1419 433 1505 56
456 1415 644 1486 deradice
673 1409 817 1484 colomba
836 1417 940 1486 tribus
964 1419 1111 1491 denariis.
1153 1423 1262 1507 Quero
1285 1429 1355 1509 quot

301 1537 344 1628 de
364 1547 695 1624 unoquoque-«genere
719 1543 793 1599 aue'a
813 1532 944 1607 fuerint.

380 1765 413 1836 9.
435 1747 572 1835 Quidam
601 1744 676 1814 emit
710 1755 754 1830 ις
787 1743 911 1812 ducatio
937 1741 1057 1833 aliquot
1090 1745 1220 1820 brachie
1256 1747 1352 1836 panni,

295 1861 417 1935 deinde
444 1861 724 1950 proportionaliter
748 1859 870 1944 aliquot
901 1861 1026 1929 ducatis
1050 1865 1137 1932 emit
1164 1881 1223 1948 27
1218 1861 1379 1939 brachia

294 1983 412 2100 panni:
439 1995 587 2050 numerus
613 1987 717 2044 autem
737 1975 922 2044 ducatorum
943 1999 1022 2064 quos
1047 1978 1222 2068 exposuit
1215 2003 1285 2052 cum
1302 2001 1379 2053 ιιι·

242 2109 246 2134 ·
292 2118 381 2168 mero
401 2093 603 2165 brachiorum
624 2101 804 2176 emptorum
823 2089 909 2158 fimul
930 2089 1109 2162 efficiebant
1134 2109 1215 2158 ιοο.
1275 2100 1379 2184 φημι

291 2233 330 2282 ro
353 2221 430 2298 quot
450 2209 581 2276 ducuos
602 2197 802 2288 exposuerit,
842 2216 985 2293 quotque
1004 2205 1135 2275 brachia
1160 2214 1258 2338 pauori
1277 2229 1379 2277 emes

291 2325 347 2397 rit
388 2325 488 2394 Nunc
514 2319 554 2388 ad
577 2317 731 2386 musicam.
1377 2294 1379 2393 ἰ

1202 2453 1210 2459 ’
1377 2426 1379 2485 l

373 2537 431 2592 ιο,
452 2515 595 2586 luueoiar
620 2525 684 2581 trec
704 2533 853 2583 numeror
874 2454 1044 2602 quadratos
1064 2517 1099 2588 iu
1117 2523 1289 2594 medietate
1306 2545 1349 2593 ar·

287 2634 411 2723 monica
437 2634 599 2716 colligatos
633 2621 681 2696 ita*
704 2629 855 2697 oideucct
885 2641 922 2699 ut
946 2632 1102 2702 maximoe
1129 2639 1171 2706 ad
1194 2641 1349 2710 minimum
1377 2620 1379 2699 s

286 2773 356 2820 eam
378 2749 493 2816 habeat
515 2745 764 2831 proportionem,
791 2764 884 2829 quatu
910 2745 1015 2818 habet.
1030 2748 1210 2824 differentia
1230 2753 1348 2826 maximi

285 2877 319 2940 et
338 2864 436 2962 medii
460 2863 500 2931 ad
527 2860 734 2930 differentiam
756 2857 853 2926 medii
874 2870 906 2927 et
924 2857 1059 2931 moirti.

369 3062 590 3132 11.'Cutdam
627 3059 784 3147 quandam
821 3057 1030 3143 longitudinis
1064 3061 1211 3153 quinque
1235 3070 1348 3155 pedum

283 3178 372 3249 diuisi
387 3177 421 3246 in
441 3189 507 3247 tres
533 3188 648 3259 partes·
661 3193 797 3261 quarum
814 3173 917 3258 prima
938 3176 978 3243 ad
997 3173 1166 3249 secundam
1187 3182 1289 3254 sonuit
1305 3183 1347 3250 sc·

280 3293 445 3366 mitonium
470 3291 590 3370 minue,
630 3281 727 3356 tcr‘tia
744 3300 849 3357 autem
876 3289 918 3356 ad
944 3287 1042 3378 ipsam
1062 3290 1231 3366 secundam
1251 3298 1346 3368 sonuit

279 3413 360 3480 duor
386 3419 477 3477 tonos
499 3422 571 3473 cum
595 3399 759 3470 semitonio
783 3403 906 3473 maiori.
972 3408 1082 3495 Quero
1107 3425 1226 3497 quanta
1252 3414 1345 3485 fuerit

278 3543 468 3615 unaqueque
489 3520 583 3590 trium
605 3519 773 3588 cordarum
797 3519 988 3607 partialium.

288 3734 291 3747 “
366 3715 429 3792 lisc'
442 3743 538 3795 canna
558 3727 693 3825 quedam
714 3725 776 3795 sue
802 3724 901 3796 fistula
933 3719 1115 3800 columnalir
1134 3733 1227 3804 cuiue
1248 3729 1347 3816 longi·

231 3871 235 3882 ·
279 3841 357 3910 ludo
388 3855 430 3908 12
459 3842 577 3930 pedum
596 3841 736 3912 ‘latitudo
770 3855 873 3910 autem
901 3836 1020 3912 scilicet
1052 3847 1211 3917 diameter
1239 3847 1345 3918 orilidi

278 3953 374 4028 habel
402 3975 498 4034 ullum
524 3961 678 4050 palmum.
720 3950 1072 4055 fliiutut'sslmaliaru
1095 3960 1238 4037 fistulam
1286 3979 1345 4052 que

350 4115 354 4123 .
782 4135 786 4139 .
1306 4073 1345 4144 ad
