2950 5092
217 491 221 499 ’
292 525 362 599 130
557 494 808 581 BIBLIOTH.
833 494 966 585 REIP
989 492 1115 587 Non:

217 764 221 773 ,
290 718 333 767 ex
352 696 497 783 otgerum
518 710 550 765 et
570 696 716 784 uigetima
742 694 844 783 prima
868 648 1040 765 undecimi.
1082 690 1240 780 Oportnit
1258 690 1343 779 igitur

288 812 322 881 in
346 812 511 900 pyramide
531 814 591 879 ab
618 812 684 896 gd
704 810 849 897 superius
869 810 907 894 ¹¹¹)
939 812 1052 894 signata
1080 810 1228 893 angulum
1250 830 1267 875 a
1286 826 1305 891 g
1325 809 1345 875 d

287 940 322 996 et
346 928 527 1011 anguiumd
548 945 570 1010 g
590 928 613 995 b
634 928 709 995 sicut
729 924 851 995 iuntion
872 926 1004 995 maiorer
1026 922 1085 991 atie
1105 926 1218 1006 angulo
1241 944 1259 991 a
1279 924 1389 1007 gb,

211 1085 220 1115 ι
287 1044 427 1129 itemque
448 1058 513 1111 tres
539 1049 670 1127 angulos
694 1040 936 1128 superficiales·
927 1060 959 1109 ιιι
1005 1042 1096 1107 uncio
1123 1041 1347 1123 gconfluemee

285 1160 422 1227 minores
449 1157 509 1226 esse
535 1176 671 1245 quatuor
699 1156 804 1224 retiis.
865 1158 939 1223 Hec
964 1064 1067 1223 *nia
1096 1154 1255 1243 pensanda
1275 1150 1348 1219 sunt

262 1267 375 1365 'prius
416 1293 536 1361 utram
544 1274 584 1341 ad
622 1274 850 1357 corpulentiam
886 1272 1106 1340 inueniendam
1136 1268 1349 1339 descendatur.

281 1391 421 1459 Modum
442 1402 546 1457 autem
565 1389 750 1455 inueniendi
774 1390 1001 1473 corpulentiam
1022 1382 1219 1466 huiusmodi,
1252 1398 1284 1453 et
1307 1385 1351 1451 in

285 1504 436 1571 ueniendi
456 1504 644 1571 diametrum
666 1480 778 1587 spirera
800 1500 1081 1569 circumscribentis
1102 1498 1200 1587 ipsam
1220 1500 1351 1589 pyrami·

284 1619 359 1686 dem
384 1632 415 1685 et
443 1635 546 1683 cetera
572 1617 620 1685 hir
651 1620 747 1685 rebus
778 1616 943 1685 necessaria
969 1638 1053 1684 nnnc
1080 1616 1237 1701 preterire
1264 1613 1350 1681 statui

281 1756 323 1803 ne
350 1732 507 1801 fastidium
527 1734 658 1819 pariam.
722 1732 769 1800 De
792 1732 855 1800 inue
879 1754 961 1799 nunc
983 1730 1065 1811 satis,
1087 1732 1196 1797 namsi
1223 1732 1264 1799 ad
1289 1734 1351 1813 ple·

281 1850 358 1918 num
380 1846 540 1918 absoluere
560 1846 622 1917 hoc
644 1849 795 1937 quesitum
813 1850 928 1917 uellem
949 1848 1013 1917 duo
1035 1846 1195 1935 quinterni
1215 1842 1274 1917 tur
1292 1844 1350 1915 suf·

279 1966 421 2037 nearent

132 2218 147 2237 s
378 2145 515 2214 Velletia
539 2144 669 2233 insuper
697 2142 776 2211 seire
803 2143 991 2231 quantitates
1020 2156 1155 2231 quatuor
1186 2146 1353 2215 cordarum

152 2254 157 2262 ’
281 2261 584 2329 conterminalium'
573 2280 606 2331 m
628 2258 745 2327 circulo
772 2278 904 2345 quarum
927 2259 1152 2350 proportiones
1170 2254 1244 2328 sunt
1261 2274 1298 2329 ut
1321 2258 1355 2325 hi

279 2375 499 2459 numerisur
500 2391 564 2461 ..9
592 2392 646 2439 ιι.
688 2377 723 2445 Si
748 2374 874 2460 ponetis
895 2373 1082 2457 diametrum
1101 2374 1212 2441 circuli
1235 2386 1355 2454 nutam,

280 2508 322 2555 ex
342 2487 436 2574 supra
456 2490 549 2557 dittis
570 2488 763 2557 sufficienter
784 2486 924 2557 trahetur
943 2488 1056 2557 modus
1077 2490 1235 2579 operandi
1256 2510 1356 2581 quan·

279 2623 376 2704 qoam
394 2599 654 2673 laboriossffimus.
752 2652 755 2657 -

354 2784 410 2853 in
439 2786 548 2869 quinto
577 2785 695 2871 questui
724 2781 805 2851 duos
834 2754 981 2855 numeror
1008 2804 1142 2872 quorum
1168 2786 1358 2855 differentia

277 2896 352 2967 etiet
378 2900 479 2967 radix
500 2900 651 2987 quadrata
675 2898 718 2963 de
749 2914 779 2981 ς.
808 2907 870 2965 etc.
939 2902 1066 2987 Quesiui
1092 2902 1173 2972 duos
1198 2924 1391 3015 numeros
1390 2874 1391 2945 ¹

273 3010 451 3081 huiusmodi
471 3036 534 3081 non
555 3016 587 3081 iu
611 3011 794 3091 unitatibus,
831 3008 981 3081 scilicet
972 3034 1004 3083 ιιι
1026 3014 1094 3085 atiu
1116 3027 1262 3097 tantum,
1302 3014 1391 3133 sed
1390 2948 1391 3053 ¹

273 3125 470 3212 inpotentia
496 3127 589 3195 etiam
616 3128 636 3194 ιι
661 3146 741 3213 opus
766 3126 873 3195 fuerit.
917 3130 1182 3215 quemadmodum
1209 3152 1277 3201 uos
1310 3155 1362 3203 re·
1390 3054 1391 3191 ¹

274 3227 442 3327 spondistis
458 3242 498 3309 ad
516 3238 661 3309 sextum
651 3252 891 3327 interrogatum,
912 3245 1033 3311 lucrum
1047 3246 1143 3331 primi
1165 3248 1243 3317 anni
1264 3248 1391 3333 fuiffe
1390 3200 1391 3255 ¹

272 3357 414 3423 radicem
439 3353 585 3423 cubicam
614 3354 656 3423 de
688 3352 876 3443 2650000,
911 3356 1049 3445 demptis
1075 3359 1114 3427 ab
1137 3359 1205 3448 ipsa
1243 3365 1391 3435 radice

233 3538 238 3547 ,
276 3466 360 3535 ισοξ
387 3469 448 3537 huc
469 3474 552 3537 euim
573 3470 607 3537 in
631 3472 765 3539 ueritate
786 3494 850 3541 non
872 3471 914 3539 est
935 3481 1083 3545 numerus
1107 3478 1269 3561 uulgaris.
1316 3490 1365 3551 ita

273 3585 367 3651 etiam
391 3581 608 3673 inquestione
633 3606 703 3651 mea
723 3582 795 3655 satis
816 3570 877 3655 e'r'it
899 3589 1109 3669 determinare
1132 3614 1279 3681 quorum
1303 3616 1391 3669 nu

270 3720 428 3769 merorum
454 3699 576 3768 radicet
601 3698 656 3766 tint
677 3702 785 3785 quales
810 3714 997 3787 queruntur.
1038 3705 1236 3783 Huiusmodi
1272 3716 1391 3787 enim

269 3816 407 3932 numeria
427 3829 558 3894 utuntur
579 3824 813 3907 computatores
833 3809 974 3909 algeb're.

303 4194 334 4265 3)
350 4196 463 4252 nimium
480 4192 534 4267 rig,
546 4198 605 4258 XV.
