<?xml version="1.0" encoding="UTF-8"?>
<!DOCTYPE html PUBLIC "-//W3C//DTD XHTML 1.0 Transitional//EN"
    "http://www.w3.org/TR/xhtml1/DTD/xhtml1-transitional.dtd">
<html xmlns="http://www.w3.org/1999/xhtml" xml:lang="en" lang="en">
 <head>
  <title>
</title>
<meta http-equiv="Content-Type" content="text/html;charset=utf-8" />
  <meta name='ocr-system' content='tesseract 3.04.00' />
  <meta name='ocr-capabilities' content='ocr_page ocr_carea ocr_par ocr_line ocrx_word'/>
</head>
<body>
  <div class='ocr_page' id='page_1' title='image "./memorabiliabibl01altdgoog_0216.png"; bbox 0 0 2950 5092; ppageno 0'>
   <div class='ocr_carea' id='block_1_1' title="bbox 324 456 1219 625">
    <p class='ocr_par' dir='ltr' id='par_1_1' title="bbox 324 456 1219 625">
     <span class='ocr_line' id='line_1_1' title="bbox 324 456 1219 625; baseline -0.001 -51"><span class='ocrx_word' id='word_1_1' title='bbox 324 491 478 582; x_wconf 77' lang='lat' dir='ltr'>norom</span> <span class='ocrx_word' id='word_1_2' title='bbox 510 456 972 574; x_wconf 73' lang='lat' dir='ltr'>neeromuurnur.&#39;</span> <span class='ocrx_word' id='word_1_3' title='bbox 1021 584 1026 603; x_wconf 29' lang='grc' dir='ltr'><em>Ι</em></span> <span class='ocrx_word' id='word_1_4' title='bbox 1104 515 1176 590; x_wconf 80' lang='lat'>203</span> <span class='ocrx_word' id='word_1_5' title='bbox 1215 474 1219 625; x_wconf 65' lang='lat' dir='ltr'>J</span> 
     </span>
    </p>
   </div>
   <div class='ocr_carea' id='block_1_2' title="bbox 118 683 1259 1574">
    <p class='ocr_par' dir='ltr' id='par_1_2' title="bbox 118 683 1259 1574">
     <span class='ocr_line' id='line_1_2' title="bbox 190 683 1181 776; baseline -0.001 -18"><span class='ocrx_word' id='word_1_6' title='bbox 190 691 263 762; x_wconf 83' lang='lat' dir='ltr'>liuu</span> <span class='ocrx_word' id='word_1_7' title='bbox 296 687 369 760; x_wconf 90' lang='lat' dir='ltr'>sunt</span> <span class='ocrx_word' id='word_1_8' title='bbox 402 689 546 776; x_wconf 81' lang='lat' dir='ltr'>pondera</span> <span class='ocrx_word' id='word_1_9' title='bbox 580 685 727 772; x_wconf 73' lang='lat' dir='ltr'>colligata</span> <span class='ocrx_word' id='word_1_10' title='bbox 759 697 854 774; x_wconf 85' lang='lat' dir='ltr'>atque</span> <span class='ocrx_word' id='word_1_11' title='bbox 887 683 1061 755; x_wconf 88' lang='lat' dir='ltr'>seeundum</span> <span class='ocrx_word' id='word_1_12' title='bbox 1091 685 1181 758; x_wconf 81' lang='lat' dir='ltr'>itum</span> 
     </span>
     <span class='ocr_line' id='line_1_3' title="bbox 122 801 1244 901; baseline 0 -29"><span class='ocrx_word' id='word_1_13' title='bbox 122 803 333 892; x_wconf 87' lang='lat' dir='ltr'>eqoipollentia</span> <span class='ocrx_word' id='word_1_14' title='bbox 353 825 488 892; x_wconf 82' lang='lat' dir='ltr'>quorum</span> <span class='ocrx_word' id='word_1_15' title='bbox 508 807 641 874; x_wconf 86' lang='lat' dir='ltr'>alterum</span> <span class='ocrx_word' id='word_1_16' title='bbox 667 801 800 890; x_wconf 85' lang='lat' dir='ltr'>quidem</span> <span class='ocrx_word' id='word_1_17' title='bbox 820 801 918 882; x_wconf 53' lang='lat' dir='ltr'>telier</span> <span class='ocrx_word' id='word_1_18' title='bbox 943 803 1076 872; x_wconf 86' lang='lat' dir='ltr'>alterum</span> <span class='ocrx_word' id='word_1_19' title='bbox 1101 810 1196 872; x_wconf 84' lang='lat' dir='ltr'>uero</span> <span class='ocrx_word' id='word_1_20' title='bbox 1241 895 1244 901; x_wconf 21' lang='grc' dir='ltr'>Ι</span> 
     </span>
     <span class='ocr_line' id='line_1_4' title="bbox 121 912 1227 1024; baseline 0 -38"><span class='ocrx_word' id='word_1_21' title='bbox 121 919 236 1024; x_wconf 84' lang='lat' dir='ltr'>oblique</span> <span class='ocrx_word' id='word_1_22' title='bbox 256 916 475 1002; x_wconf 80' lang='lat' dir='ltr'>descenderet,</span> <span class='ocrx_word' id='word_1_23' title='bbox 495 920 517 992; x_wconf 85' lang='lat' dir='ltr'>st</span> <span class='ocrx_word' id='word_1_24' title='bbox 537 939 554 988; x_wconf 87' lang='grc' dir='ltr'><strong>ι</strong></span> <span class='ocrx_word' id='word_1_25' title='bbox 576 917 735 988; x_wconf 85' lang='lat' dir='ltr'>communi</span> <span class='ocrx_word' id='word_1_26' title='bbox 751 916 887 1002; x_wconf 77' lang='lat' dir='ltr'>ligature</span> <span class='ocrx_word' id='word_1_27' title='bbox 902 912 1073 985; x_wconf 88' lang='lat' dir='ltr'>soluentur</span> <span class='ocrx_word' id='word_1_28' title='bbox 1116 916 1183 986; x_wconf 83' lang='lat' dir='ltr'>Via</span> <span class='ocrx_word' id='word_1_29' title='bbox 1225 934 1227 939; x_wconf 86' lang='lat'>·</span> 
     </span>
     <span class='ocr_line' id='line_1_5' title="bbox 119 1028 1183 1154; baseline 0.003 -55"><span class='ocrx_word' id='word_1_30' title='bbox 119 1046 210 1100; x_wconf 85' lang='lat' dir='ltr'>autem</span> <span class='ocrx_word' id='word_1_31' title='bbox 247 1033 376 1120; x_wconf 90' lang='lat' dir='ltr'>obliqua</span> <span class='ocrx_word' id='word_1_32' title='bbox 408 1032 536 1104; x_wconf 87' lang='lat' dir='ltr'>secundi</span> <span class='ocrx_word' id='word_1_33' title='bbox 552 1031 721 1126; x_wconf 82' lang='lat' dir='ltr'>ponderis</span> <span class='ocrx_word' id='word_1_34' title='bbox 757 1049 829 1154; x_wconf 88' lang='lat' dir='ltr'>eum</span> <span class='ocrx_word' id='word_1_35' title='bbox 860 1028 1004 1099; x_wconf 84' lang='lat' dir='ltr'>orizonte</span> <span class='ocrx_word' id='word_1_36' title='bbox 1031 1033 1183 1138; x_wconf 73' lang='lat' dir='ltr'>annulum</span> 
     </span>
     <span class='ocr_line' id='line_1_6' title="bbox 119 1144 1182 1239; baseline 0.002 -25"><span class='ocrx_word' id='word_1_37' title='bbox 119 1148 245 1216; x_wconf 87' lang='lat' dir='ltr'>continet</span> <span class='ocrx_word' id='word_1_38' title='bbox 265 1149 379 1238; x_wconf 77' lang='lat' dir='ltr'>uiginti</span> <span class='ocrx_word' id='word_1_39' title='bbox 403 1150 560 1239; x_wconf 75' lang='lat' dir='ltr'>graduum</span> <span class='ocrx_word' id='word_1_40' title='bbox 580 1149 718 1236; x_wconf 79' lang='lat' dir='ltr'>qualium</span> <span class='ocrx_word' id='word_1_41' title='bbox 740 1164 820 1216; x_wconf 89' lang='lat' dir='ltr'>unus</span> <span class='ocrx_word' id='word_1_42' title='bbox 838 1144 949 1214; x_wconf 76' lang='lat' dir='ltr'>relius</span> <span class='ocrx_word' id='word_1_43' title='bbox 963 1144 1007 1212; x_wconf 82' lang='lat' dir='ltr'>est</span> <span class='ocrx_word' id='word_1_44' title='bbox 1026 1147 1182 1230; x_wconf 82' lang='lat' dir='ltr'>nonagin-</span> 
     </span>
     <span class='ocr_line' id='line_1_7' title="bbox 119 1258 1259 1350; baseline 0.005 -22"><span class='ocrx_word' id='word_1_45' title='bbox 119 1273 155 1330; x_wconf 87' lang='lat' dir='ltr'>ta.</span> <span class='ocrx_word' id='word_1_46' title='bbox 192 1264 301 1350; x_wconf 90' lang='lat' dir='ltr'>Queto</span> <span class='ocrx_word' id='word_1_47' title='bbox 327 1261 567 1350; x_wconf 82' lang='lat' dir='ltr'>proportionem</span> <span class='ocrx_word' id='word_1_48' title='bbox 588 1261 697 1345; x_wconf 72' lang='lat' dir='ltr'>trliunr</span> <span class='ocrx_word' id='word_1_49' title='bbox 719 1258 909 1344; x_wconf 82' lang='lat' dir='ltr'>ponderum</span> <span class='ocrx_word' id='word_1_50' title='bbox 946 1259 1181 1346; x_wconf 77' lang='lat' dir='ltr'>Equipollentia</span> <span class='ocrx_word' id='word_1_51' title='bbox 1255 1307 1259 1315; x_wconf 90' lang='lat'><em>·</em></span> 
     </span>
     <span class='ocr_line' id='line_1_8' title="bbox 118 1365 1182 1465; baseline 0.003 -23"><span class='ocrx_word' id='word_1_52' title='bbox 118 1387 222 1444; x_wconf 77' lang='lat' dir='ltr'>autem·</span> <span class='ocrx_word' id='word_1_53' title='bbox 236 1397 317 1446; x_wconf 86' lang='lat' dir='ltr'>uoco</span> <span class='ocrx_word' id='word_1_54' title='bbox 340 1377 490 1465; x_wconf 83' lang='lat' dir='ltr'>¹pondero</span> <span class='ocrx_word' id='word_1_55' title='bbox 516 1395 579 1464; x_wconf 86' lang='lat' dir='ltr'>que</span> <span class='ocrx_word' id='word_1_56' title='bbox 610 1369 675 1444; x_wconf 84' lang='lat' dir='ltr'>sese</span> <span class='ocrx_word' id='word_1_57' title='bbox 704 1367 839 1442; x_wconf 78' lang='lat' dir='ltr'>uicissim</span> <span class='ocrx_word' id='word_1_58' title='bbox 859 1393 876 1437; x_wconf 88' lang='lat' dir='ltr'>a</span> <span class='ocrx_word' id='word_1_59' title='bbox 898 1365 1048 1461; x_wconf 69' lang='lat' dir='ltr'>desiensu</span> <span class='ocrx_word' id='word_1_60' title='bbox 1072 1376 1182 1463; x_wconf 85' lang='lat' dir='ltr'>prohi-</span> 
     </span>
     <span class='ocr_line' id='line_1_9' title="bbox 118 1485 1236 1574; baseline 0.004 -18"><span class='ocrx_word' id='word_1_61' title='bbox 118 1489 194 1558; x_wconf 87' lang='lat' dir='ltr'>bent·</span> <span class='ocrx_word' id='word_1_62' title='bbox 235 1491 283 1562; x_wconf 93' lang='lat' dir='ltr'>Vt</span> <span class='ocrx_word' id='word_1_63' title='bbox 304 1493 368 1562; x_wconf 82' lang='lat' dir='ltr'>sib</span> <span class='ocrx_word' id='word_1_64' title='bbox 395 1489 518 1562; x_wconf 78' lang='lat' dir='ltr'>crelin</span> <span class='ocrx_word' id='word_1_65' title='bbox 539 1489 611 1559; x_wconf 88' lang='lat' dir='ltr'>uice</span> <span class='ocrx_word' id='word_1_66' title='bbox 637 1492 788 1558; x_wconf 83' lang='lat' dir='ltr'>orizontlr</span> <span class='ocrx_word' id='word_1_67' title='bbox 808 1485 1013 1574; x_wconf 75' lang='lat' dir='ltr'>intelligatur.</span> <span class='ocrx_word' id='word_1_68' title='bbox 1037 1509 1056 1557; x_wconf 82' lang='lat' dir='ltr'>e</span> <span class='ocrx_word' id='word_1_69' title='bbox 1079 1491 1101 1574; x_wconf 79' lang='lat' dir='ltr'>b</span> <span class='ocrx_word' id='word_1_70' title='bbox 1128 1512 1183 1561; x_wconf 82' lang='lat' dir='ltr'>au·</span> <span class='ocrx_word' id='word_1_71' title='bbox 1234 1526 1236 1529; x_wconf 96' lang='lat'>·</span> 
     </span>
    </p>
   </div>
   <div class='ocr_carea' id='block_1_3' title="bbox 118 1593 1313 1803">
    <p class='ocr_par' dir='ltr' id='par_1_3' title="bbox 118 1593 1313 1803">
     <span class='ocr_line' id='line_1_10' title="bbox 119 1593 1297 1692; baseline 0.008 -24"><span class='ocrx_word' id='word_1_72' title='bbox 119 1613 173 1668; x_wconf 89' lang='lat' dir='ltr'>tem</span> <span class='ocrx_word' id='word_1_73' title='bbox 197 1603 236 1672; x_wconf 86' lang='lat' dir='ltr'>ad</span> <span class='ocrx_word' id='word_1_74' title='bbox 269 1619 416 1676; x_wconf 85' lang='lat' dir='ltr'>centrum</span> <span class='ocrx_word' id='word_1_75' title='bbox 440 1603 552 1674; x_wconf 90' lang='lat' dir='ltr'>mundi</span> <span class='ocrx_word' id='word_1_76' title='bbox 574 1598 723 1692; x_wconf 76' lang='lat' dir='ltr'>uergit</span> <span class='ocrx_word' id='word_1_77' title='bbox 707 1615 739 1670; x_wconf 87' lang='lat' dir='ltr'>et</span> <span class='ocrx_word' id='word_1_78' title='bbox 764 1621 915 1670; x_wconf 88' lang='lat' dir='ltr'>aecum</span> <span class='ocrx_word' id='word_1_79' title='bbox 939 1605 962 1670; x_wconf 91' lang='lat' dir='ltr'>b</span> <span class='ocrx_word' id='word_1_80' title='bbox 988 1610 1180 1692; x_wconf 70' lang='lat' dir='ltr'>pinguium</span> <span class='ocrx_word' id='word_1_81' title='bbox 1204 1610 1208 1627; x_wconf 68' lang='lat'>⁸</span> <span class='ocrx_word' id='word_1_82' title='bbox 1293 1593 1297 1601; x_wconf 64' lang='grc'><strong><em>’</em></strong></span> 
     </span>
     <span class='ocr_line' id='line_1_11' title="bbox 118 1706 1313 1803; baseline 0.01 -21"><span class='ocrx_word' id='word_1_83' title='bbox 118 1716 220 1798; x_wconf 80' lang='lat' dir='ltr'>uiginti</span> <span class='ocrx_word' id='word_1_84' title='bbox 241 1720 400 1803; x_wconf 77' lang='lat' dir='ltr'>graduum</span> <span class='ocrx_word' id='word_1_85' title='bbox 421 1721 591 1788; x_wconf 86' lang='lat' dir='ltr'>contineat.</span> <span class='ocrx_word' id='word_1_86' title='bbox 631 1715 654 1783; x_wconf 88' lang='lat' dir='ltr'>d</span> <span class='ocrx_word' id='word_1_87' title='bbox 675 1717 801 1801; x_wconf 79' lang='lat' dir='ltr'>pondus</span> <span class='ocrx_word' id='word_1_88' title='bbox 820 1716 924 1786; x_wconf 84' lang='lat' dir='ltr'>minus</span> <span class='ocrx_word' id='word_1_89' title='bbox 945 1737 1005 1802; x_wconf 86' lang='lat' dir='ltr'>per</span> <span class='ocrx_word' id='word_1_90' title='bbox 1025 1740 1044 1786; x_wconf 91' lang='lat' dir='ltr'>a</span> <span class='ocrx_word' id='word_1_91' title='bbox 1064 1721 1087 1788; x_wconf 92' lang='lat' dir='ltr'>b</span> <span class='ocrx_word' id='word_1_92' title='bbox 1108 1733 1182 1793; x_wconf 88' lang='lat' dir='ltr'>ete</span> <span class='ocrx_word' id='word_1_93' title='bbox 1308 1706 1313 1722; x_wconf 80' lang='grc'><em>’</em></span> 
     </span>
    </p>
   </div>
   <div class='ocr_carea' id='block_1_4' title="bbox 120 1828 1190 2030">
    <p class='ocr_par' dir='ltr' id='par_1_4' title="bbox 120 1828 1190 2030">
     <span class='ocr_line' id='line_1_12' title="bbox 121 1828 1190 1955; baseline 0.012 -61"><span class='ocrx_word' id='word_1_94' title='bbox 121 1829 233 1916; x_wconf 87' lang='lat' dir='ltr'>pondos</span> <span class='ocrx_word' id='word_1_95' title='bbox 265 1834 367 1904; x_wconf 77' lang='lat' dir='ltr'>maius</span> <span class='ocrx_word' id='word_1_96' title='bbox 394 1855 455 1955; x_wconf 76' lang='lat' dir='ltr'>per</span> <span class='ocrx_word' id='word_1_97' title='bbox 481 1853 499 1902; x_wconf 89' lang='lat' dir='ltr'>a</span> <span class='ocrx_word' id='word_1_98' title='bbox 519 1851 537 1900; x_wconf 89' lang='lat' dir='ltr'>e</span> <span class='ocrx_word' id='word_1_99' title='bbox 558 1828 741 1902; x_wconf 88' lang='lat' dir='ltr'>descensum</span> <span class='ocrx_word' id='word_1_100' title='bbox 765 1841 854 1918; x_wconf 85' lang='lat' dir='ltr'>petat</span> <span class='ocrx_word' id='word_1_101' title='bbox 875 1831 997 1901; x_wconf 82' lang='lat' dir='ltr'>abieiio</span> <span class='ocrx_word' id='word_1_102' title='bbox 1024 1837 1190 1915; x_wconf 85' lang='lat' dir='ltr'>communi</span> 
     </span>
     <span class='ocr_line' id='line_1_13' title="bbox 120 1941 378 2030; baseline 0.015 -20"><span class='ocrx_word' id='word_1_103' title='bbox 120 1941 250 2016; x_wconf 86' lang='lat' dir='ltr'>uinculo</span> <span class='ocrx_word' id='word_1_104' title='bbox 275 1948 378 2030; x_wconf 83' lang='grc'>*)</span> 
     </span>
    </p>
   </div>
   <div class='ocr_carea' id='block_1_5' title="bbox 119 2061 1272 2888">
    <p class='ocr_par' dir='ltr' id='par_1_5' title="bbox 119 2061 1272 2888">
     <span class='ocr_line' id='line_1_14' title="bbox 187 2061 1181 2238; baseline -0.01 -42"><span class='ocrx_word' id='word_1_105' title='bbox 187 2131 301 2200; x_wconf 79' lang='lat' dir='ltr'>theo</span> <span class='ocrx_word' id='word_1_106' title='bbox 324 2121 486 2238; x_wconf 87' lang='lat' dir='ltr'>speculum</span> <span class='ocrx_word' id='word_1_107' title='bbox 494 2061 706 2200; x_wconf 77' lang='lat' dir='ltr'>Archimedis</span> <span class='ocrx_word' id='word_1_108' title='bbox 728 2125 875 2192; x_wconf 79' lang='lat' dir='ltr'>annulare</span> <span class='ocrx_word' id='word_1_109' title='bbox 900 2143 941 2198; x_wconf 83' lang='lat' dir='ltr'>ex</span> <span class='ocrx_word' id='word_1_110' title='bbox 965 2121 1181 2214; x_wconf 72' lang='lat' dir='ltr'>seilione&#39;pa.</span> 
     </span>
     <span class='ocr_line' id='line_1_15' title="bbox 119 2236 1181 2330; baseline 0 -20"><span class='ocrx_word' id='word_1_111' title='bbox 119 2243 243 2312; x_wconf 79' lang='lat' dir='ltr'>rabolica</span> <span class='ocrx_word' id='word_1_112' title='bbox 269 2241 386 2312; x_wconf 76' lang='lat' dir='ltr'>felium</span> <span class='ocrx_word' id='word_1_113' title='bbox 408 2240 497 2310; x_wconf 88' lang='lat' dir='ltr'>cuius</span> <span class='ocrx_word' id='word_1_114' title='bbox 518 2258 626 2326; x_wconf 77' lang='lat' dir='ltr'>margo</span> <span class='ocrx_word' id='word_1_115' title='bbox 652 2237 817 2308; x_wconf 87' lang='lat' dir='ltr'>circularis</span> <span class='ocrx_word' id='word_1_116' title='bbox 837 2239 937 2309; x_wconf 82' lang='lat' dir='ltr'>maior</span> <span class='ocrx_word' id='word_1_117' title='bbox 957 2243 1100 2328; x_wconf 87' lang='lat' dir='ltr'>quinque</span> <span class='ocrx_word' id='word_1_118' title='bbox 1122 2236 1181 2330; x_wconf 84' lang='lat' dir='ltr'>p⁰e</span> 
     </span>
     <span class='ocr_line' id='line_1_16' title="bbox 121 2353 1180 2446; baseline 0.003 -22"><span class='ocrx_word' id='word_1_119' title='bbox 121 2356 347 2434; x_wconf 68' lang='lat' dir='ltr'>decoloret,</span> <span class='ocrx_word' id='word_1_120' title='bbox 371 2353 473 2422; x_wconf 86' lang='lat' dir='ltr'>minor</span> <span class='ocrx_word' id='word_1_121' title='bbox 499 2367 698 2442; x_wconf 81' lang='lat' dir='ltr'>autemtres.</span> <span class='ocrx_word' id='word_1_122' title='bbox 736 2354 937 2442; x_wconf 81' lang='lat' dir='ltr'>profunditas</span> <span class='ocrx_word' id='word_1_123' title='bbox 958 2377 1036 2424; x_wconf 85' lang='lat' dir='ltr'>uero</span> <span class='ocrx_word' id='word_1_124' title='bbox 1058 2355 1180 2446; x_wconf 86' lang='lat' dir='ltr'>speculi</span> 
     </span>
     <span class='ocr_line' id='line_1_17' title="bbox 120 2467 1272 2562; baseline 0.004 -24"><span class='ocrx_word' id='word_1_125' title='bbox 120 2470 155 2538; x_wconf 85' lang='lat' dir='ltr'>est</span> <span class='ocrx_word' id='word_1_126' title='bbox 166 2471 341 2562; x_wconf 84' lang='lat' dir='ltr'>bipedalis.</span> <span class='ocrx_word' id='word_1_127' title='bbox 369 2470 477 2556; x_wconf 88' lang='lat' dir='ltr'>Quero</span> <span class='ocrx_word' id='word_1_128' title='bbox 499 2469 604 2536; x_wconf 85' lang='lat' dir='ltr'>locum</span> <span class='ocrx_word' id='word_1_129' title='bbox 621 2467 761 2540; x_wconf 81' lang='lat' dir='ltr'>ustionis.</span> <span class='ocrx_word' id='word_1_130' title='bbox 781 2468 923 2556; x_wconf 83' lang='lat' dir='ltr'>itemque</span> <span class='ocrx_word' id='word_1_131' title='bbox 945 2468 1086 2556; x_wconf 78' lang='lat' dir='ltr'>sagittam</span> <span class='ocrx_word' id='word_1_132' title='bbox 1108 2495 1181 2550; x_wconf 84' lang='lat' dir='ltr'>eum</span> <span class='ocrx_word' id='word_1_133' title='bbox 1269 2498 1272 2509; x_wconf 65' lang='lat'><strong>¹</strong></span> 
     </span>
     <span class='ocr_line' id='line_1_18' title="bbox 121 2580 1182 2676; baseline 0.002 -20"><span class='ocrx_word' id='word_1_134' title='bbox 121 2588 205 2656; x_wconf 80' lang='lat' dir='ltr'>inere</span> <span class='ocrx_word' id='word_1_135' title='bbox 228 2583 347 2656; x_wconf 74' lang='lat' dir='ltr'>ereiio</span> <span class='ocrx_word' id='word_1_136' title='bbox 390 2584 483 2652; x_wconf 89' lang='lat' dir='ltr'>Voco</span> <span class='ocrx_word' id='word_1_137' title='bbox 509 2593 613 2652; x_wconf 87' lang='lat' dir='ltr'>autem</span> <span class='ocrx_word' id='word_1_138' title='bbox 637 2587 715 2668; x_wconf 86' lang='lat' dir='ltr'>prof</span> <span class='ocrx_word' id='word_1_139' title='bbox 700 2582 888 2660; x_wconf 84' lang='lat' dir='ltr'>funditatem</span> <span class='ocrx_word' id='word_1_140' title='bbox 912 2580 1033 2668; x_wconf 85' lang='lat' dir='ltr'>speculi</span> <span class='ocrx_word' id='word_1_141' title='bbox 1058 2600 1182 2676; x_wconf 83' lang='lat' dir='ltr'>partem</span> 
     </span>
     <span class='ocr_line' id='line_1_19' title="bbox 121 2698 1183 2790; baseline 0.005 -25"><span class='ocrx_word' id='word_1_142' title='bbox 121 2701 175 2768; x_wconf 81' lang='lat' dir='ltr'>axis</span> <span class='ocrx_word' id='word_1_143' title='bbox 194 2722 253 2790; x_wconf 86' lang='lat' dir='ltr'>qne</span> <span class='ocrx_word' id='word_1_144' title='bbox 275 2703 360 2768; x_wconf 89' lang='lat' dir='ltr'>inter</span> <span class='ocrx_word' id='word_1_145' title='bbox 381 2709 488 2768; x_wconf 85' lang='lat' dir='ltr'>centra</span> <span class='ocrx_word' id='word_1_146' title='bbox 509 2698 645 2768; x_wconf 88' lang='lat' dir='ltr'>duorum</span> <span class='ocrx_word' id='word_1_147' title='bbox 662 2698 853 2768; x_wconf 85' lang='lat' dir='ltr'>circulorum</span> <span class='ocrx_word' id='word_1_148' title='bbox 873 2699 1090 2785; x_wconf 73' lang='lat' dir='ltr'>marginalium</span> <span class='ocrx_word' id='word_1_149' title='bbox 1108 2726 1183 2775; x_wconf 89' lang='lat' dir='ltr'>eon·</span> 
     </span>
     <span class='ocr_line' id='line_1_20' title="bbox 122 2805 787 2888; baseline 0.012 -10"><span class='ocrx_word' id='word_1_150' title='bbox 122 2815 257 2888; x_wconf 84' lang='lat' dir='ltr'>eluditur.</span> <span class='ocrx_word' id='word_1_151' title='bbox 338 2805 340 2818; x_wconf 81' lang='lat'>&#39;</span> <span class='ocrx_word' id='word_1_152' title='bbox 785 2832 787 2841; x_wconf 87' lang='grc'><strong>’</strong></span> 
     </span>
    </p>
   </div>
   <div class='ocr_carea' id='block_1_6' title="bbox 121 2979 1267 3427">
    <p class='ocr_par' dir='ltr' id='par_1_6' title="bbox 121 2979 1267 3427">
     <span class='ocr_line' id='line_1_21' title="bbox 188 2979 1267 3078; baseline -0.001 -19"><span class='ocrx_word' id='word_1_153' title='bbox 188 2979 253 3060; x_wconf 83' lang='lat' dir='ltr'>Sed</span> <span class='ocrx_word' id='word_1_154' title='bbox 280 2991 344 3058; x_wconf 87' lang='lat' dir='ltr'>iam</span> <span class='ocrx_word' id='word_1_155' title='bbox 369 2988 504 3058; x_wconf 88' lang='lat' dir='ltr'>ludendi</span> <span class='ocrx_word' id='word_1_156' title='bbox 529 2991 623 3060; x_wconf 88' lang='lat' dir='ltr'>sinern</span> <span class='ocrx_word' id='word_1_157' title='bbox 643 2989 743 3069; x_wconf 83' lang='lat' dir='ltr'>facin,</span> <span class='ocrx_word' id='word_1_158' title='bbox 780 2991 837 3060; x_wconf 89' lang='lat' dir='ltr'>nbi</span> <span class='ocrx_word' id='word_1_159' title='bbox 863 3012 942 3061; x_wconf 90' lang='lat' dir='ltr'>uero</span> <span class='ocrx_word' id='word_1_160' title='bbox 967 3011 1029 3078; x_wconf 85' lang='lat' dir='ltr'>per</span> <span class='ocrx_word' id='word_1_161' title='bbox 1056 2992 1183 3064; x_wconf 85' lang='lat' dir='ltr'>litterae</span> <span class='ocrx_word' id='word_1_162' title='bbox 1263 3049 1267 3058; x_wconf 94' lang='lat'>.</span> 
     </span>
     <span class='ocr_line' id='line_1_22' title="bbox 122 3103 1182 3194; baseline 0.009 -24"><span class='ocrx_word' id='word_1_163' title='bbox 122 3113 178 3170; x_wconf 83' lang='lat' dir='ltr'>tone</span> <span class='ocrx_word' id='word_1_164' title='bbox 190 3105 239 3174; x_wconf 88' lang='lat' dir='ltr'>uit</span> <span class='ocrx_word' id='word_1_165' title='bbox 259 3105 383 3192; x_wconf 87' lang='lat' dir='ltr'>optime</span> <span class='ocrx_word' id='word_1_166' title='bbox 398 3103 514 3174; x_wconf 84' lang='lat' dir='ltr'>certior</span> <span class='ocrx_word' id='word_1_167' title='bbox 529 3107 609 3188; x_wconf 86' lang='lat' dir='ltr'>iiam,</span> <span class='ocrx_word' id='word_1_168' title='bbox 630 3125 694 3194; x_wconf 85' lang='lat' dir='ltr'>quo</span> <span class='ocrx_word' id='word_1_169' title='bbox 714 3105 748 3174; x_wconf 94' lang='lat' dir='ltr'>in</span> <span class='ocrx_word' id='word_1_170' title='bbox 765 3125 883 3193; x_wconf 75' lang='lat' dir='ltr'>genere</span> <span class='ocrx_word' id='word_1_171' title='bbox 893 3106 1182 3180; x_wconf 74' lang='lat' dir='ltr'>mathematicorum</span> 
     </span>
     <span class='ocr_line' id='line_1_23' title="bbox 121 3217 1184 3309; baseline 0.009 -25"><span class='ocrx_word' id='word_1_172' title='bbox 121 3220 184 3309; x_wconf 70' lang='lat' dir='ltr'>plur</span> <span class='ocrx_word' id='word_1_173' title='bbox 205 3217 385 3300; x_wconf 71' lang='lat' dir='ltr'>deleiierin</span> <span class='ocrx_word' id='word_1_174' title='bbox 406 3229 482 3288; x_wconf 87' lang='lat' dir='ltr'>tune</span> <span class='ocrx_word' id='word_1_175' title='bbox 500 3219 628 3290; x_wconf 88' lang='lat' dir='ltr'>demum</span> <span class='ocrx_word' id='word_1_176' title='bbox 651 3240 702 3290; x_wconf 82' lang='lat' dir='ltr'>ret</span> <span class='ocrx_word' id='word_1_177' title='bbox 724 3219 819 3290; x_wconf 83' lang='lat' dir='ltr'>seriae</span> <span class='ocrx_word' id='word_1_178' title='bbox 840 3221 1075 3307; x_wconf 73' lang='lat' dir='ltr'>aggrediemur.</span> <span class='ocrx_word' id='word_1_179' title='bbox 1108 3225 1184 3295; x_wconf 89' lang='lat' dir='ltr'>Plu·</span> 
     </span>
     <span class='ocr_line' id='line_1_24' title="bbox 122 3333 1215 3427; baseline 0.012 -29"><span class='ocrx_word' id='word_1_180' title='bbox 122 3351 165 3398; x_wconf 85' lang='lat' dir='ltr'>res</span> <span class='ocrx_word' id='word_1_181' title='bbox 194 3334 324 3422; x_wconf 88' lang='lat' dir='ltr'>quidem</span> <span class='ocrx_word' id='word_1_182' title='bbox 355 3333 389 3402; x_wconf 92' lang='lat' dir='ltr'>in</span> <span class='ocrx_word' id='word_1_183' title='bbox 418 3344 484 3402; x_wconf 84' lang='lat' dir='ltr'>arte</span> <span class='ocrx_word' id='word_1_184' title='bbox 517 3335 675 3420; x_wconf 77' lang='lat' dir='ltr'>algebriea</span> <span class='ocrx_word' id='word_1_185' title='bbox 700 3334 930 3423; x_wconf 81' lang='lat' dir='ltr'>questiunculeo</span> <span class='ocrx_word' id='word_1_186' title='bbox 954 3339 1182 3427; x_wconf 88' lang='lat' dir='ltr'>promeremii</span> <span class='ocrx_word' id='word_1_187' title='bbox 1213 3392 1215 3396; x_wconf 29' lang='grc' dir='ltr'>ψ</span> 
     </span>
    </p>
   </div>
   <div class='ocr_carea' id='block_1_7' title="bbox 124 3445 1330 3550">
    <p class='ocr_par' dir='ltr' id='par_1_7' title="bbox 124 3445 1330 3550">
     <span class='ocr_line' id='line_1_25' title="bbox 124 3445 1330 3550; baseline 0.01 -40"><span class='ocrx_word' id='word_1_188' title='bbox 124 3456 149 3512; x_wconf 88' lang='lat' dir='ltr'>te</span> <span class='ocrx_word' id='word_1_189' title='bbox 176 3467 213 3518; x_wconf 87' lang='lat' dir='ltr'>ex</span> <span class='ocrx_word' id='word_1_190' title='bbox 234 3469 269 3517; x_wconf 86' lang='lat' dir='ltr'>ea</span> <span class='ocrx_word' id='word_1_191' title='bbox 295 3468 333 3516; x_wconf 80' lang='lat' dir='ltr'>re</span> <span class='ocrx_word' id='word_1_192' title='bbox 362 3445 534 3536; x_wconf 82' lang='lat' dir='ltr'>uoluptatis</span> <span class='ocrx_word' id='word_1_193' title='bbox 557 3447 679 3550; x_wconf 78' lang='lat' dir='ltr'>aliquid</span> <span class='ocrx_word' id='word_1_194' title='bbox 706 3457 933 3536; x_wconf 75' lang='lat' dir='ltr'>eucopoteron</span> <span class='ocrx_word' id='word_1_195' title='bbox 956 3451 1183 3536; x_wconf 77' lang='lat' dir='ltr'>intelligerem.</span> <span class='ocrx_word' id='word_1_196' title='bbox 1328 3481 1330 3492; x_wconf 92' lang='lat'>·</span> 
     </span>
    </p>
   </div>
   <div class='ocr_carea' id='block_1_8' title="bbox 123 3558 1184 3770">
    <p class='ocr_par' dir='ltr' id='par_1_8' title="bbox 123 3558 1184 3770">
     <span class='ocr_line' id='line_1_26' title="bbox 123 3558 1183 3650; baseline 0.008 -22"><span class='ocrx_word' id='word_1_197' title='bbox 123 3559 184 3630; x_wconf 89' lang='lat' dir='ltr'>Hoc</span> <span class='ocrx_word' id='word_1_198' title='bbox 202 3573 307 3634; x_wconf 85' lang='lat' dir='ltr'>tutem</span> <span class='ocrx_word' id='word_1_199' title='bbox 328 3558 526 3632; x_wconf 83' lang='lat' dir='ltr'>sciteuelim</span> <span class='ocrx_word' id='word_1_200' title='bbox 543 3559 713 3630; x_wconf 81' lang='lat' dir='ltr'>habeasne</span> <span class='ocrx_word' id='word_1_201' title='bbox 732 3563 766 3632; x_wconf 91' lang='lat' dir='ltr'>in</span> <span class='ocrx_word' id='word_1_202' title='bbox 789 3565 981 3636; x_wconf 82' lang='lat' dir='ltr'>bibliotheca</span> <span class='ocrx_word' id='word_1_203' title='bbox 1000 3577 1065 3650; x_wconf 83' lang='lat' dir='ltr'>tun,</span> <span class='ocrx_word' id='word_1_204' title='bbox 1085 3567 1183 3637; x_wconf 71' lang='lat' dir='ltr'>libris</span> 
     </span>
     <span class='ocr_line' id='line_1_27' title="bbox 124 3671 1184 3770; baseline 0.011 -30"><span class='ocrx_word' id='word_1_205' title='bbox 124 3677 189 3746; x_wconf 80' lang='lat' dir='ltr'>tario</span> <span class='ocrx_word' id='word_1_206' title='bbox 213 3691 248 3748; x_wconf 90' lang='lat' dir='ltr'>ut</span> <span class='ocrx_word' id='word_1_207' title='bbox 283 3675 380 3747; x_wconf 86' lang='lat' dir='ltr'>audio</span> <span class='ocrx_word' id='word_1_208' title='bbox 411 3671 626 3756; x_wconf 82' lang='lat' dir='ltr'>refertissima,</span> <span class='ocrx_word' id='word_1_209' title='bbox 670 3679 838 3763; x_wconf 84' lang='lat' dir='ltr'>quiequam</span> <span class='ocrx_word' id='word_1_210' title='bbox 870 3680 913 3749; x_wconf 92' lang='lat' dir='ltr'>de</span> <span class='ocrx_word' id='word_1_211' title='bbox 945 3681 1184 3770; x_wconf 83' lang='lat' dir='ltr'>equipouentiie</span> 
     </span>
    </p>
   </div>
   <div class='ocr_carea' id='block_1_9' title="bbox 124 3785 1322 3905">
    <p class='ocr_par' dir='ltr' id='par_1_9' title="bbox 124 3785 1322 3905">
     <span class='ocr_line' id='line_1_28' title="bbox 124 3785 1322 3905; baseline 0.003 -47"><span class='ocrx_word' id='word_1_212' title='bbox 124 3787 303 3905; x_wconf 69' lang='lat' dir='ltr'>solidorum,¹</span> <span class='ocrx_word' id='word_1_213' title='bbox 338 3789 423 3862; x_wconf 86' lang='lat' dir='ltr'>unde</span> <span class='ocrx_word' id='word_1_214' title='bbox 452 3807 502 3858; x_wconf 86' lang='grc' dir='ltr'>ιιι</span> <span class='ocrx_word' id='word_1_215' title='bbox 528 3791 581 3860; x_wconf 86' lang='lat' dir='ltr'>illa</span> <span class='ocrx_word' id='word_1_216' title='bbox 600 3785 797 3864; x_wconf 79' lang='lat' dir='ltr'>subtilissima</span> <span class='ocrx_word' id='word_1_217' title='bbox 820 3793 862 3866; x_wconf 81' lang='lat' dir='ltr'>do</span> <span class='ocrx_word' id='word_1_218' title='bbox 885 3806 923 3868; x_wconf 84' lang='lat' dir='ltr'>re</span> <span class='ocrx_word' id='word_1_219' title='bbox 947 3807 979 3870; x_wconf 87' lang='lat' dir='ltr'>et</span> <span class='ocrx_word' id='word_1_220' title='bbox 1003 3796 1097 3870; x_wconf 86' lang='lat' dir='ltr'>censo</span> <span class='ocrx_word' id='word_1_221' title='bbox 1118 3817 1184 3868; x_wconf 87' lang='lat' dir='ltr'>am·</span> <span class='ocrx_word' id='word_1_222' title='bbox 1280 3867 1284 3882; x_wconf 58' lang='grc'><strong>,</strong></span> <span class='ocrx_word' id='word_1_223' title='bbox 1314 3849 1322 3862; x_wconf 88' lang='grc'><strong>.</strong></span> 
     </span>
    </p>
   </div>
   <div class='ocr_carea' id='block_1_10' title="bbox 148 3911 1185 4160">
    <p class='ocr_par' dir='ltr' id='par_1_10' title="bbox 148 3911 1185 4160">
     <span class='ocr_line' id='line_1_29' title="bbox 954 3911 1185 4033; baseline -0.004 -48"><span class='ocrx_word' id='word_1_224' title='bbox 954 3936 957 3943; x_wconf 81' lang='grc'>’</span> <span class='ocrx_word' id='word_1_225' title='bbox 1058 3911 1185 4033; x_wconf 82' lang='lat' dir='ltr'>plieri</span> 
     </span>
     <span class='ocr_line' id='line_1_30' title="bbox 148 4081 565 4160; baseline 0 -20"><span class='ocrx_word' id='word_1_226' title='bbox 148 4081 250 4160; x_wconf 75' lang='lat' dir='ltr'>unu</span> <span class='ocrx_word' id='word_1_227' title='bbox 269 4081 333 4144; x_wconf 76' lang='lat' dir='ltr'>nn.</span> <span class='ocrx_word' id='word_1_228' title='bbox 351 4099 376 4157; x_wconf 56' lang='grc' dir='ltr'>ς,</span> <span class='ocrx_word' id='word_1_229' title='bbox 393 4082 449 4154; x_wconf 66' lang='grc' dir='ltr'><strong>ιιι.</strong></span> <span class='ocrx_word' id='word_1_230' title='bbox 468 4083 565 4140; x_wconf 79' lang='lat' dir='ltr'>murt.</span> 
     </span>
    </p>
   </div>
   <div class='ocr_carea' id='block_1_11' title="bbox 0 0 1484 5092">
    <p class='ocr_par' dir='ltr' id='par_1_11' title="bbox 0 0 1484 5092">
     <span class='ocr_line' id='line_1_31' title="bbox 0 0 1484 5092; baseline 0 0"><span class='ocrx_word' id='word_1_231' title='bbox 0 0 1484 5092; x_wconf 95' lang='lat' dir='ltr'> </span> 
     </span>
    </p>
   </div>
  </div>
 </body>
</html>
