2950 5092
826 192 833 232 l

226 479 239 500 ’·
282 503 354 568 200
504 481 758 564 omniurn.
778 481 908 596 nura.
934 480 1058 562 uon·

280 673 414 788 puniius
441 677 464 748 d
491 677 647 768 accipitur
674 679 733 750 hae
754 658 935 750 conditione
956 688 992 749 ut
1014 699 1053 747 eo
1078 637 1226 768 ¹copulato
1247 679 1341 750 tribue

169 833 172 854 .
280 787 465 876 cuspidibus
491 794 637 882 trianguli
658 813 717 880 per
737 805 802 862 trec
822 793 961 861 lincasd
987 813 1016 875 a,
1036 793 1059 862 d
1080 794 1104 862 b
1132 806 1164 864 et
1187 794 1211 863 d
1237 814 1264 866 c.
1284 793 1342 862 duo

280 907 388 992 anguli
409 927 425 976 a
444 909 508 978 db
535 921 567 978 et
593 908 692 978 ado
717 909 791 978 liant
813 908 941 996 equales
966 907 1103 978 inuicem
1122 909 1146 981 d
1171 927 1288 976 tuero
1311 907 1343 975 ll·

279 1040 337 1090 nea
362 1037 381 1106 5
413 1024 531 1110 pedum
556 1024 786 1112 longitudinem
819 1021 943 1092 habeat.
1007 1023 1162 1115 Queritur
1184 1023 1344 1106 longitudo

209 1147 211 1159 '
280 1133 442 1226 utriusque
467 1143 568 1208 lineae
588 1139 611 1210 d
635 1142 658 1209 b
679 1153 711 1212 et
732 1140 756 1209 d
781 1159 813 1210 e.

216 1309 269 1400 X,
362 1301 436 1370 Sole
468 1301 604 1372 habente
630 1301 830 1372 altitudinem
862 1316 905 1390 35
935 1301 1090 1388 graduum
1122 1312 1236 1368 uertex
1260 1297 1345 1364 iridis

278 1411 374 1498 super
393 1413 569 1486 ormontem
583 1420 724 1488 eleuator
744 1415 896 1502 gradibus
918 1415 1049 1506 septem,
1082 1434 1140 1502 pes
1156 1426 1261 1482 autem
1281 1413 1344 1482 eiua

165 1565 169 1580 ι
248 1553 253 1569 ¹
279 1541 414 1616 uterque
435 1527 475 1596 ab
496 1533 587 1600 oculo
604 1529 790 1620 iuspeilotit
807 1529 898 1600 distat
914 1527 1053 1616 palitbue
1069 1527 1245 1598 ducentia·
1267 1529 1346 1612 Que-

278 1641 360 1712 ritur
382 1643 479 1712 eorda
499 1643 602 1716 iridis.
630 1655 662 1713 et
685 1660 800 1734 quanta
820 1645 855 1730 sit
874 1643 941 1734 ipsa
962 1645 1068 1730 portio
1087 1641 1231 1732 respeilu
1255 1640 1346 1712 totiue
1381 1724 1382 1727 Ἴ

150 1747 154 1760 '
270 1755 548 1856 ‚circumferentia

210 1913 266 2014 Υ..
358 1918 487 1992 Lumen
504 1922 584 1993 ¹solia
607 1924 807 2000 altitudinem
826 1921 971 1995 hebetatis
995 1937 1039 2010 37
1056 1920 1217 2006 'marinum
1238 1919 1346 1990 incidit

274 2055 336 2126 per
357 2038 511 2124 quandam
533 2036 698 2108 fenestram
726 2039 911 2108 circularem
941 2037 981 2108 ad
1009 2037 1225 2124 pauimentum
1246 2036 1346 2124 quod·

274 2147 351 2228 dam,
374 2148 569 2236 equedistaus
597 2152 747 2222 orizonti.
789 2151 836 2233 cli
859 2164 963 2224 autem
990 2150 1125 2224 fenestra
1151 2149 1217 2240 ipsa
1239 2152 1275 2220 in
1296 2169 1346 2236 pa·

273 2269 355 2332 riete
380 2264 420 2340 ad
441 2263 616 2330 orizonrem
638 2263 751 2348 etesia,
780 2270 869 2336 cuiue
894 2265 1025 2354 quidem
1038 2267 1195 2334 diameter
1216 2259 1272 2332 sex
1293 2285 1344 2352 pc·

274 2379 333 2446 des
354 2377 505 2456 continet,
532 2391 673 2447 centrum
694 2390 799 2448 autem
820 2379 920 2450 eiuaa
941 2378 1122 2468 pauimento
1144 2383 1187 2457 ιε
1209 2379 1347 2466 pedibus

275 2491 448 2560 extollitur.
490 2495 600 2590 Querc
627 2505 741 2580 quanta
766 2494 801 2562 iit
822 2490 1005 2582 superficies
1036 2492 1211 2583 pauimenti
1236 2491 1349 2562 illumi·

191 2636 198 2655 s
271 2621 354 2682 arata.
376 2604 411 2686 *l
454 2604 532 2676 ite‘m
557 2608 596 2676 ad
622 2621 769 2696 quantam
790 2605 862 2676 solis
888 2606 1087 2678 altitudinem
1112 2609 1183 2678 talle
1207 2607 1349 2676 inciden-

242 2726 316 2814 ,tia
348 2717 468 2788 radiosa
497 2723 549 2790 siat
573 2720 718 2808 perfetta
758 2721 963 2794 circulariei
997 2723 1094 2792 modo
1123 2719 1274 2810 possibile
1308 2719 1349 2788 ali

207 2855 240 2893 .=
272 2837 318 2908 itt
342 2835 485 2908 euenire.
542 2839 616 2926 Quo
638 2851 744 2906 autem
769 2836 968 2926 inuestigatio
994 2835 1163 2922 simplicior
1186 2852 1283 2926 atquc
1303 2835 1349 2904 id·

274 2950 359 3024 circo
385 2949 508 3022 facilior
532 2953 597 3036 liat,
624 2951 719 3024 solem
740 2951 834 3023 instar
855 2951 966 3044 puniii
990 2949 1193 3042 accipiamur.

205 3148 262 3238 Ζ.
351 3130 422 3200 Ello
439 3125 603 3218 speculum
616 3151 790 3202 concauam
809 3152 850 3202 ex
867 3128 982 3222 sphera
996 3115 1137 3204 habente
1156 3132 1346 3203 diametrum

270 3248 383 3316 decem
408 3247 539 3336 pedum.
575 3259 796 3336 ponanturque
818 3249 936 3346 oculus
966 3260 1000 3316 et
1024 3247 1145 3320 uiiblle
1171 3248 1206 3316 in
1235 3248 1349 3320 eadem

270 3362 425 3434 diunetro
450 3360 519 3432 talia
539 3358 671 3448 spuere:
713 3367 822 3432 oculor
847 3363 1125 3451 quidem-duciaco
1151 3360 1271 3432 diliene
1294 3380 1348 3448 pe·

268 3477 366 3546 diona
387 3498 405 3544 a
426 3491 533 3555 centro
554 3475 695 3564 speculi,
733 3477 854 3548 uistbile
879 3491 983 3554 autem
1017 3476 1129 3550 tribue.
1171 3478 1261 3564 quod
1282 3475 1348 3564 qui·

213 3681 224 3692 q
272 3591 346 3662 dem
367 3591 488 3664 usibile
509 3594 548 3661 ab
569 3596 662 3662 oculo
684 3598 831 3660 cernatur
851 3609 911 3682 per
930 3592 1054 3662 radium
1073 3595 1237 3663 reflexum.
1261 3597 1348 3682 Que-

272 3707 355 3778 titur
380 3719 530 3796 quantum
558 3705 693 3794 punitor
715 3704 896 3774 reflexionis
921 3705 1016 3776 distet
1049 3707 1090 3778 ab
1121 3718 1259 3796 utroque
1285 3719 1347 3777 ter·

272 3823 360 3899 mitte
384 3821 531 3898 diametri
553 3822 589 3892 in
615 3840 677 3912 qua
697 3824 808 3892 nculut
828 3840 901 3892 cum
922 3821 1035 3894 uistbili
1055 3819 1264 3894 constituitur.

1270 3991 1346 4052 Pet·

307 4133 427 4212 niden
445 4133 577 4212 problema
595 4137 684 4210 legitur
700 4131 772 4208 snpra
787 4151 816 4208 p.
836 4140 893 4201 ede,
