<?xml version="1.0" encoding="UTF-8"?>
<!DOCTYPE html PUBLIC "-//W3C//DTD XHTML 1.0 Transitional//EN"
    "http://www.w3.org/TR/xhtml1/DTD/xhtml1-transitional.dtd">
<html xmlns="http://www.w3.org/1999/xhtml" xml:lang="en" lang="en">
 <head>
  <title>
</title>
<meta http-equiv="Content-Type" content="text/html;charset=utf-8" />
  <meta name='ocr-system' content='tesseract 3.04.00' />
  <meta name='ocr-capabilities' content='ocr_page ocr_carea ocr_par ocr_line ocrx_word'/>
</head>
<body>
  <div class='ocr_page' id='page_1' title='image "./memorabiliabibl01altdgoog_0119.png"; bbox 0 0 2950 5092; ppageno 0'>
   <div class='ocr_carea' id='block_1_1' title="bbox 233 370 1091 581">
    <p class='ocr_par' dir='ltr' id='par_1_1' title="bbox 233 370 1091 581">
     <span class='ocr_line' id='line_1_1' title="bbox 233 370 1091 581; baseline 0.014 -66"><span class='ocrx_word' id='word_1_1' title='bbox 233 554 237 560; x_wconf 11' lang='grc' dir='ltr'>ι</span> <span class='ocrx_word' id='word_1_2' title='bbox 271 414 347 516; x_wconf 65' lang='lat'>&#39;10⁶</span> <span class='ocrx_word' id='word_1_3' title='bbox 426 396 430 403; x_wconf 80' lang='grc'><em>’</em></span> <span class='ocrx_word' id='word_1_4' title='bbox 475 510 477 517; x_wconf 78' lang='grc'>,</span> <span class='ocrx_word' id='word_1_5' title='bbox 518 433 782 581; x_wconf 26' lang='lat' dir='ltr'>‘ammona</span> <span class='ocrx_word' id='word_1_6' title='bbox 803 408 938 521; x_wconf 76' lang='lat' dir='ltr'>nnio.</span> <span class='ocrx_word' id='word_1_7' title='bbox 964 370 1091 535; x_wconf 71' lang='lat' dir='ltr'>uon:</span> 
     </span>
    </p>
   </div>
   <div class='ocr_carea' id='block_1_2' title="bbox 224 622 1389 2221">
    <p class='ocr_par' dir='ltr' id='par_1_2' title="bbox 259 622 1389 1300">
     <span class='ocr_line' id='line_1_2' title="bbox 273 622 1389 739; baseline 0.006 -40"><span class='ocrx_word' id='word_1_8' title='bbox 273 630 307 699; x_wconf 91' lang='lat' dir='ltr'>in</span> <span class='ocrx_word' id='word_1_9' title='bbox 328 632 493 705; x_wconf 87' lang='lat' dir='ltr'>iuuentute</span> <span class='ocrx_word' id='word_1_10' title='bbox 514 622 591 699; x_wconf 72' lang='lat' dir='ltr'>dum</span> <span class='ocrx_word' id='word_1_11' title='bbox 613 632 814 719; x_wconf 81' lang='lat' dir='ltr'>operationes</span> <span class='ocrx_word' id='word_1_12' title='bbox 835 630 1075 731; x_wconf 71' lang='lat' dir='ltr'>mercantiarum</span> <span class='ocrx_word' id='word_1_13' title='bbox 1100 652 1260 705; x_wconf 82' lang='lat' dir='ltr'>exararem</span> <span class='ocrx_word' id='word_1_14' title='bbox 1284 637 1339 706; x_wconf 86' lang='lat' dir='ltr'>ali·</span> <span class='ocrx_word' id='word_1_15' title='bbox 1369 668 1389 739; x_wconf 55' lang='lat' dir='ltr'>n</span> 
     </span>
     <span class='ocr_line' id='line_1_3' title="bbox 265 722 1389 832; baseline 0.006 -18"><span class='ocrx_word' id='word_1_16' title='bbox 265 750 464 832; x_wconf 58' lang='lat' dir='ltr'>quantulum</span> <span class='ocrx_word' id='word_1_17' title='bbox 483 746 515 813; x_wconf 91' lang='lat' dir='ltr'>in</span> <span class='ocrx_word' id='word_1_18' title='bbox 545 743 606 813; x_wconf 92' lang='lat' dir='ltr'>hoc</span> <span class='ocrx_word' id='word_1_19' title='bbox 631 768 682 813; x_wconf 86' lang='lat' dir='ltr'>mc</span> <span class='ocrx_word' id='word_1_20' title='bbox 710 748 879 819; x_wconf 70' lang='lat' dir='ltr'>delciiaui.</span> <span class='ocrx_word' id='word_1_21' title='bbox 933 748 998 818; x_wconf 87' lang='lat' dir='ltr'>Sed</span> <span class='ocrx_word' id='word_1_22' title='bbox 1026 746 1086 817; x_wconf 87' lang='lat' dir='ltr'>hec</span> <span class='ocrx_word' id='word_1_23' title='bbox 1116 722 1230 819; x_wconf 43' lang='lat' dir='ltr'>in&#39;mc</span> <span class='ocrx_word' id='word_1_24' title='bbox 1253 754 1340 821; x_wconf 84' lang='lat' dir='ltr'>uenia</span> <span class='ocrx_word' id='word_1_25' title='bbox 1388 744 1389 829; x_wconf 60' lang='lat' dir='ltr'>t</span> 
     </span>
     <span class='ocr_line' id='line_1_4' title="bbox 272 849 1342 952; baseline 0.004 -22"><span class='ocrx_word' id='word_1_26' title='bbox 272 861 351 930; x_wconf 70' lang='lat' dir='ltr'>faita</span> <span class='ocrx_word' id='word_1_27' title='bbox 374 864 431 943; x_wconf 68' lang='grc' dir='ltr'>[ιτς</span> <span class='ocrx_word' id='word_1_28' title='bbox 453 860 557 930; x_wconf 87' lang='lat' dir='ltr'>nescio</span> <span class='ocrx_word' id='word_1_29' title='bbox 581 873 685 930; x_wconf 87' lang='lat' dir='ltr'>autem</span> <span class='ocrx_word' id='word_1_30' title='bbox 711 884 774 951; x_wconf 90' lang='lat' dir='ltr'>quo</span> <span class='ocrx_word' id='word_1_31' title='bbox 804 849 896 952; x_wconf 73' lang='lat' dir='ltr'>paito</span> <span class='ocrx_word' id='word_1_32' title='bbox 925 866 984 931; x_wconf 87' lang='lat' dir='ltr'>hac</span> <span class='ocrx_word' id='word_1_33' title='bbox 1005 862 1189 951; x_wconf 78' lang='lat' dir='ltr'>astrologica</span> <span class='ocrx_word' id='word_1_34' title='bbox 1215 866 1342 935; x_wconf 82' lang='lat' dir='ltr'>scientia</span> 
     </span>
     <span class='ocr_line' id='line_1_5' title="bbox 271 964 1342 1069; baseline 0.004 -22"><span class='ocrx_word' id='word_1_35' title='bbox 271 997 466 1066; x_wconf 72' lang='lat' dir='ltr'>magnopere</span> <span class='ocrx_word' id='word_1_36' title='bbox 503 976 677 1046; x_wconf 67' lang='lat' dir='ltr'>oblectatus</span> <span class='ocrx_word' id='word_1_37' title='bbox 712 974 798 1062; x_wconf 83' lang='lat' dir='ltr'>sum,</span> <span class='ocrx_word' id='word_1_38' title='bbox 832 980 973 1048; x_wconf 71' lang='lat' dir='ltr'>cointae</span> <span class='ocrx_word' id='word_1_39' title='bbox 1006 1002 1090 1049; x_wconf 81' lang='lat' dir='ltr'>meae</span> <span class='ocrx_word' id='word_1_40' title='bbox 1120 964 1342 1069; x_wconf 80' lang='lat' dir='ltr'>occupationes</span> 
     </span>
     <span class='ocr_line' id='line_1_6' title="bbox 259 1085 1389 1184; baseline 0.003 -23"><span class='ocrx_word' id='word_1_41' title='bbox 259 1085 349 1182; x_wconf 79' lang='lat' dir='ltr'>¹quaa</span> <span class='ocrx_word' id='word_1_42' title='bbox 369 1114 416 1161; x_wconf 77' lang='lat' dir='ltr'>cx.</span> <span class='ocrx_word' id='word_1_43' title='bbox 436 1095 551 1184; x_wconf 79' lang='lat' dir='ltr'>erario·</span> <span class='ocrx_word' id='word_1_44' title='bbox 564 1087 839 1160; x_wconf 83' lang='lat' dir='ltr'>sslustriffimorurn</span> <span class='ocrx_word' id='word_1_45' title='bbox 865 1094 1065 1168; x_wconf 85' lang='lat' dir='ltr'>dominorum</span> <span class='ocrx_word' id='word_1_46' title='bbox 1084 1116 1228 1166; x_wconf 87' lang='lat' dir='ltr'>meorum</span> <span class='ocrx_word' id='word_1_47' title='bbox 1248 1094 1345 1164; x_wconf 87' lang='lat' dir='ltr'>habui</span> <span class='ocrx_word' id='word_1_48' title='bbox 1388 1096 1389 1169; x_wconf 64' lang='lat' dir='ltr'>t</span> 
     </span>
     <span class='ocr_line' id='line_1_7' title="bbox 272 1207 1346 1300; baseline 0.002 -23"><span class='ocrx_word' id='word_1_49' title='bbox 272 1210 530 1281; x_wconf 64' lang='lat' dir='ltr'>contemmendi</span> <span class='ocrx_word' id='word_1_50' title='bbox 566 1220 598 1275; x_wconf 92' lang='lat' dir='ltr'>ct</span> <span class='ocrx_word' id='word_1_51' title='bbox 631 1207 768 1275; x_wconf 91' lang='lat' dir='ltr'>animum</span> <span class='ocrx_word' id='word_1_52' title='bbox 801 1210 966 1281; x_wconf 84' lang='lat' dir='ltr'>reficiendi</span> <span class='ocrx_word' id='word_1_53' title='bbox 999 1230 1059 1300; x_wconf 86' lang='lat' dir='ltr'>per</span> <span class='ocrx_word' id='word_1_54' title='bbox 1083 1212 1238 1281; x_wconf 86' lang='lat' dir='ltr'>interualli</span> <span class='ocrx_word' id='word_1_55' title='bbox 1267 1224 1346 1280; x_wconf 90' lang='lat' dir='ltr'>tem·</span> 
     </span>
    </p>

    <p class='ocr_par' dir='ltr' id='par_1_3' title="bbox 269 1318 1389 1885">
     <span class='ocr_line' id='line_1_8' title="bbox 270 1318 1389 1419; baseline 0.003 -30"><span class='ocrx_word' id='word_1_56' title='bbox 270 1322 359 1410; x_wconf 74' lang='lat' dir='ltr'>poris</span> <span class='ocrx_word' id='word_1_57' title='bbox 379 1320 514 1410; x_wconf 83' lang='lat' dir='ltr'>spatium</span> <span class='ocrx_word' id='word_1_58' title='bbox 535 1323 575 1389; x_wconf 87' lang='lat' dir='ltr'>ad</span> <span class='ocrx_word' id='word_1_59' title='bbox 595 1318 761 1407; x_wconf 80' lang='lat' dir='ltr'>astrologie</span> <span class='ocrx_word' id='word_1_60' title='bbox 782 1326 934 1395; x_wconf 87' lang='lat' dir='ltr'>calculum</span> <span class='ocrx_word' id='word_1_61' title='bbox 955 1346 1005 1395; x_wconf 85' lang='lat' dir='ltr'>me</span> <span class='ocrx_word' id='word_1_62' title='bbox 1026 1324 1115 1409; x_wconf 82' lang='lat' dir='ltr'>dedi,</span> <span class='ocrx_word' id='word_1_63' title='bbox 1137 1338 1169 1393; x_wconf 89' lang='lat' dir='ltr'>ct</span> <span class='ocrx_word' id='word_1_64' title='bbox 1190 1324 1346 1407; x_wconf 84' lang='lat' dir='ltr'>transtuli,</span> <span class='ocrx_word' id='word_1_65' title='bbox 1388 1352 1389 1419; x_wconf 62' lang='lat' dir='ltr'>t</span> 
     </span>
     <span class='ocr_line' id='line_1_9' title="bbox 272 1417 1347 1527; baseline -0.001 -20"><span class='ocrx_word' id='word_1_66' title='bbox 272 1453 304 1507; x_wconf 89' lang='lat' dir='ltr'>ct</span> <span class='ocrx_word' id='word_1_67' title='bbox 325 1439 400 1506; x_wconf 85' lang='lat' dir='ltr'>totis</span> <span class='ocrx_word' id='word_1_68' title='bbox 422 1436 545 1507; x_wconf 74' lang='lat' dir='ltr'>uiribus</span> <span class='ocrx_word' id='word_1_69' title='bbox 582 1449 713 1505; x_wconf 77' lang='lat' dir='ltr'>conatus</span> <span class='ocrx_word' id='word_1_70' title='bbox 741 1434 807 1506; x_wconf 87' lang='lat' dir='ltr'>sum</span> <span class='ocrx_word' id='word_1_71' title='bbox 837 1436 936 1527; x_wconf 82' lang='lat' dir='ltr'>ipsam</span> <span class='ocrx_word' id='word_1_72' title='bbox 961 1440 1116 1510; x_wconf 81' lang='lat' dir='ltr'>reducere</span> <span class='ocrx_word' id='word_1_73' title='bbox 1139 1442 1180 1511; x_wconf 86' lang='lat' dir='ltr'>ad</span> <span class='ocrx_word' id='word_1_74' title='bbox 1205 1417 1347 1509; x_wconf 80' lang='lat' dir='ltr'>breuita·</span> 
     </span>
     <span class='ocr_line' id='line_1_10' title="bbox 270 1552 1389 1649; baseline 0 -25"><span class='ocrx_word' id='word_1_75' title='bbox 270 1568 335 1627; x_wconf 86' lang='lat' dir='ltr'>tem</span> <span class='ocrx_word' id='word_1_76' title='bbox 357 1554 448 1621; x_wconf 87' lang='lat' dir='ltr'>etad</span> <span class='ocrx_word' id='word_1_77' title='bbox 474 1552 658 1648; x_wconf 80' lang='lat' dir='ltr'>facilitatem</span> <span class='ocrx_word' id='word_1_78' title='bbox 684 1556 881 1639; x_wconf 82' lang='lat' dir='ltr'><strong>calculandi,</strong></span> <span class='ocrx_word' id='word_1_79' title='bbox 909 1577 1013 1645; x_wconf 88' lang='lat' dir='ltr'>exque</span> <span class='ocrx_word' id='word_1_80' title='bbox 1035 1556 1083 1625; x_wconf 83' lang='lat' dir='ltr'>hia</span> <span class='ocrx_word' id='word_1_81' title='bbox 1111 1558 1229 1645; x_wconf 81' lang='lat' dir='ltr'>aliquas</span> <span class='ocrx_word' id='word_1_82' title='bbox 1252 1557 1347 1625; x_wconf 88' lang='lat' dir='ltr'>tabu·</span> <span class='ocrx_word' id='word_1_83' title='bbox 1388 1554 1389 1649; x_wconf 59' lang='lat'>1</span> 
     </span>
     <span class='ocr_line' id='line_1_11' title="bbox 269 1667 1349 1755; baseline -0.004 -16"><span class='ocrx_word' id='word_1_84' title='bbox 269 1676 315 1740; x_wconf 87' lang='lat' dir='ltr'>las</span> <span class='ocrx_word' id='word_1_85' title='bbox 350 1668 510 1739; x_wconf 85' lang='lat' dir='ltr'>construxi</span> <span class='ocrx_word' id='word_1_86' title='bbox 537 1667 709 1755; x_wconf 78' lang='lat' dir='ltr'>inquibus</span> <span class='ocrx_word' id='word_1_87' title='bbox 734 1674 872 1748; x_wconf 75' lang='lat' dir='ltr'>calculus</span> <span class='ocrx_word' id='word_1_88' title='bbox 897 1667 1142 1741; x_wconf 78' lang='lat' dir='ltr'>facilis·scri0se</span> <span class='ocrx_word' id='word_1_89' title='bbox 1171 1672 1349 1749; x_wconf 86' lang='lat' dir='ltr'>inuenitur,</span> 
     </span>
     <span class='ocr_line' id='line_1_12' title="bbox 270 1774 1349 1885; baseline 0 -30"><span class='ocrx_word' id='word_1_90' title='bbox 270 1788 304 1857; x_wconf 91' lang='lat' dir='ltr'>in</span> <span class='ocrx_word' id='word_1_91' title='bbox 329 1807 379 1853; x_wconf 88' lang='lat' dir='ltr'>me</span> <span class='ocrx_word' id='word_1_92' title='bbox 411 1782 614 1870; x_wconf 84' lang='lat' dir='ltr'>suscipiendo</span> <span class='ocrx_word' id='word_1_93' title='bbox 641 1774 712 1850; x_wconf 86' lang='lat' dir='ltr'>fere</span> <span class='ocrx_word' id='word_1_94' title='bbox 743 1806 834 1855; x_wconf 84' lang='lat' dir='ltr'>omne</span> <span class='ocrx_word' id='word_1_95' title='bbox 861 1808 940 1856; x_wconf 87' lang='lat' dir='ltr'>onus</span> <span class='ocrx_word' id='word_1_96' title='bbox 969 1800 1006 1863; x_wconf 81' lang='lat' dir='ltr'>,ct</span> <span class='ocrx_word' id='word_1_97' title='bbox 1035 1786 1262 1885; x_wconf 30' lang='lat' dir='ltr'>difficultatem·</span> <span class='ocrx_word' id='word_1_98' title='bbox 1289 1789 1349 1855; x_wconf 85' lang='lat' dir='ltr'>cai·</span> 
     </span>
    </p>

    <p class='ocr_par' dir='ltr' id='par_1_4' title="bbox 271 1898 1348 1992">
     <span class='ocr_line' id='line_1_13' title="bbox 271 1898 1348 1992; baseline -0.002 -22"><span class='ocrx_word' id='word_1_99' title='bbox 271 1900 397 1974; x_wconf 81' lang='lat' dir='ltr'>colandi</span> <span class='ocrx_word' id='word_1_100' title='bbox 419 1912 514 1992; x_wconf 84' lang='lat' dir='ltr'>prout</span> <span class='ocrx_word' id='word_1_101' title='bbox 536 1898 648 1967; x_wconf 85' lang='lat' dir='ltr'>uidere</span> <span class='ocrx_word' id='word_1_102' title='bbox 671 1900 816 1983; x_wconf 86' lang='lat' dir='ltr'>potuistis</span> <span class='ocrx_word' id='word_1_103' title='bbox 832 1898 895 1971; x_wconf 83' lang='lat' dir='ltr'>tam</span> <span class='ocrx_word' id='word_1_104' title='bbox 916 1904 958 1971; x_wconf 87' lang='lat' dir='ltr'>dc</span> <span class='ocrx_word' id='word_1_105' title='bbox 971 1902 1115 1991; x_wconf 29' lang='lat' dir='ltr'>&#39;motibus</span> <span class='ocrx_word' id='word_1_106' title='bbox 1136 1906 1348 1991; x_wconf 79' lang='lat' dir='ltr'>planetarum,</span> 
     </span>
    </p>

    <p class='ocr_par' dir='ltr' id='par_1_5' title="bbox 224 2004 1389 2221">
     <span class='ocr_line' id='line_1_14' title="bbox 238 2012 1350 2108; baseline -0.004 -20"><span class='ocrx_word' id='word_1_107' title='bbox 238 2059 240 2062; x_wconf 95' lang='lat'>·</span> <span class='ocrx_word' id='word_1_108' title='bbox 271 2018 426 2107; x_wconf 83' lang='lat' dir='ltr'>quamde</span> <span class='ocrx_word' id='word_1_109' title='bbox 448 2015 552 2103; x_wconf 86' lang='lat' dir='ltr'>primo</span> <span class='ocrx_word' id='word_1_110' title='bbox 578 2012 690 2081; x_wconf 84' lang='lat' dir='ltr'><strong>mobili</strong></span> <span class='ocrx_word' id='word_1_111' title='bbox 716 2028 748 2081; x_wconf 91' lang='lat' dir='ltr'>ct</span> <span class='ocrx_word' id='word_1_112' title='bbox 775 2018 817 2085; x_wconf 89' lang='lat' dir='ltr'>de</span> <span class='ocrx_word' id='word_1_113' title='bbox 846 2018 1031 2105; x_wconf 81' lang='lat' dir='ltr'>ectipssbus,</span> <span class='ocrx_word' id='word_1_114' title='bbox 1053 2018 1131 2095; x_wconf 72' lang='lat' dir='ltr'>‚uidi</span> <span class='ocrx_word' id='word_1_115' title='bbox 1158 2018 1254 2085; x_wconf 89' lang='lat' dir='ltr'>etiam</span> <span class='ocrx_word' id='word_1_116' title='bbox 1277 2037 1350 2108; x_wconf 80' lang='lat' dir='ltr'>cer·</span> 
     </span>
     <span class='ocr_line' id='line_1_15' title="bbox 224 2121 1389 2221; baseline -0.003 -18"><span class='ocrx_word' id='word_1_117' title='bbox 224 2130 230 2135; x_wconf 75' lang='grc'>’</span> <span class='ocrx_word' id='word_1_118' title='bbox 268 2121 316 2203; x_wconf 73' lang='lat' dir='ltr'>tua</span> <span class='ocrx_word' id='word_1_119' title='bbox 336 2134 477 2203; x_wconf 76' lang='lat' dir='ltr'>rubricas</span> <span class='ocrx_word' id='word_1_120' title='bbox 509 2151 569 2217; x_wconf 92' lang='lat' dir='ltr'>per</span> <span class='ocrx_word' id='word_1_121' title='bbox 597 2148 654 2195; x_wconf 87' lang='lat' dir='ltr'>uos</span> <span class='ocrx_word' id='word_1_122' title='bbox 683 2130 780 2199; x_wconf 85' lang='lat' dir='ltr'>michi</span> <span class='ocrx_word' id='word_1_123' title='bbox 813 2134 996 2201; x_wconf 83' lang='lat' dir='ltr'>transmissas</span> <span class='ocrx_word' id='word_1_124' title='bbox 1029 2129 1351 2219; x_wconf 81' lang='lat' dir='ltr'>tabularum-uestra·</span> <span class='ocrx_word' id='word_1_125' title='bbox 1388 2148 1389 2221; x_wconf 67' lang='lat' dir='ltr'>t</span> 
     </span>
    </p>
   </div>
   <div class='ocr_carea' id='block_1_3' title="bbox 150 2231 1350 2347">
    <p class='ocr_par' dir='ltr' id='par_1_6' title="bbox 150 2231 1350 2347">
     <span class='ocr_line' id='line_1_16' title="bbox 150 2231 1350 2347; baseline -0.003 -30"><span class='ocrx_word' id='word_1_126' title='bbox 150 2333 152 2338; x_wconf 23' lang='grc' dir='ltr'>Ι</span> <span class='ocrx_word' id='word_1_127' title='bbox 270 2235 341 2319; x_wconf 85' lang='lat' dir='ltr'>rum</span> <span class='ocrx_word' id='word_1_128' title='bbox 364 2268 427 2334; x_wconf 87' lang='lat' dir='ltr'>quc</span> <span class='ocrx_word' id='word_1_129' title='bbox 453 2242 549 2313; x_wconf 88' lang='lat' dir='ltr'>michi</span> <span class='ocrx_word' id='word_1_130' title='bbox 574 2260 769 2329; x_wconf 82' lang='lat' dir='ltr'>magnopere</span> <span class='ocrx_word' id='word_1_131' title='bbox 797 2248 1001 2331; x_wconf 88' lang='lat' dir='ltr'>placuerunt,</span> <span class='ocrx_word' id='word_1_132' title='bbox 1027 2231 1111 2347; x_wconf 59' lang='lat' dir='ltr'>onie</span> <span class='ocrx_word' id='word_1_133' title='bbox 1141 2247 1222 2315; x_wconf 86' lang='lat' dir='ltr'>benc</span> <span class='ocrx_word' id='word_1_134' title='bbox 1248 2248 1350 2335; x_wconf 80' lang='lat' dir='ltr'>posue</span> 
     </span>
    </p>
   </div>
   <div class='ocr_carea' id='block_1_4' title="bbox 214 2358 1389 3607">
    <p class='ocr_par' dir='ltr' id='par_1_7' title="bbox 214 2358 1352 2449">
     <span class='ocr_line' id='line_1_17' title="bbox 214 2358 1352 2449; baseline -0.003 -17"><span class='ocrx_word' id='word_1_135' title='bbox 214 2383 216 2394; x_wconf 92' lang='grc'><strong><em>·</em></strong></span> <span class='ocrx_word' id='word_1_136' title='bbox 271 2377 303 2434; x_wconf 87' lang='lat' dir='ltr'>ct</span> <span class='ocrx_word' id='word_1_137' title='bbox 324 2360 493 2432; x_wconf 83' lang='lat' dir='ltr'>necessarie</span> <span class='ocrx_word' id='word_1_138' title='bbox 514 2358 596 2441; x_wconf 74' lang='lat' dir='ltr'>sunt,</span> <span class='ocrx_word' id='word_1_139' title='bbox 619 2371 651 2426; x_wconf 88' lang='lat' dir='ltr'>et</span> <span class='ocrx_word' id='word_1_140' title='bbox 677 2360 807 2428; x_wconf 87' lang='lat' dir='ltr'>modum</span> <span class='ocrx_word' id='word_1_141' title='bbox 829 2362 983 2448; x_wconf 83' lang='lat' dir='ltr'>operandi</span> <span class='ocrx_word' id='word_1_142' title='bbox 1004 2364 1126 2436; x_wconf 77' lang='lat' dir='ltr'>tabuias</span> <span class='ocrx_word' id='word_1_143' title='bbox 1147 2359 1229 2449; x_wconf 79' lang='lat' dir='ltr'>ipsae</span> <span class='ocrx_word' id='word_1_144' title='bbox 1254 2361 1352 2431; x_wconf 82' lang='lat' dir='ltr'>intel·</span> 
     </span>
    </p>

    <p class='ocr_par' dir='ltr' id='par_1_8' title="bbox 269 2443 1352 2567">
     <span class='ocr_line' id='line_1_18' title="bbox 269 2443 1352 2567; baseline -0.006 -17"><span class='ocrx_word' id='word_1_145' title='bbox 269 2481 345 2550; x_wconf 86' lang='lat' dir='ltr'>leni.</span> <span class='ocrx_word' id='word_1_146' title='bbox 373 2480 462 2567; x_wconf 85' lang='lat' dir='ltr'>quod</span> <span class='ocrx_word' id='word_1_147' title='bbox 488 2475 595 2544; x_wconf 86' lang='lat' dir='ltr'>dicitis</span> <span class='ocrx_word' id='word_1_148' title='bbox 623 2474 656 2541; x_wconf 92' lang='lat' dir='ltr'>in</span> <span class='ocrx_word' id='word_1_149' title='bbox 677 2478 977 2560; x_wconf 81' lang='lat' dir='ltr'>angulocommuni</span> <span class='ocrx_word' id='word_1_150' title='bbox 1009 2443 1111 2549; x_wconf 67' lang='lat' dir='ltr'>omnia</span> <span class='ocrx_word' id='word_1_151' title='bbox 1137 2476 1285 2565; x_wconf 87' lang='lat' dir='ltr'>reperire</span> <span class='ocrx_word' id='word_1_152' title='bbox 1309 2496 1352 2543; x_wconf 81' lang='lat' dir='ltr'>ex</span> 
     </span>
    </p>

    <p class='ocr_par' dir='ltr' id='par_1_9' title="bbox 217 2587 1389 3631">
     <span class='ocr_line' id='line_1_19' title="bbox 217 2587 1389 2700; baseline -0.004 -37"><span class='ocrx_word' id='word_1_153' title='bbox 217 2587 221 2597; x_wconf 79' lang='grc'><strong>’</strong></span> <span class='ocrx_word' id='word_1_154' title='bbox 270 2598 387 2700; x_wconf 87' lang='lat' dir='ltr'>quibus</span> <span class='ocrx_word' id='word_1_155' title='bbox 416 2609 519 2662; x_wconf 87' lang='lat' dir='ltr'>tamen</span> <span class='ocrx_word' id='word_1_156' title='bbox 547 2590 782 2674; x_wconf 80' lang='lat' dir='ltr'>comprehendo</span> <span class='ocrx_word' id='word_1_157' title='bbox 808 2596 920 2661; x_wconf 89' lang='lat' dir='ltr'>multas</span> <span class='ocrx_word' id='word_1_158' title='bbox 946 2594 1067 2663; x_wconf 84' lang='lat' dir='ltr'>tabulas</span> <span class='ocrx_word' id='word_1_159' title='bbox 1086 2590 1258 2691; x_wconf 71' lang='lat' dir='ltr'>ncceli&#39;ario</span> <span class='ocrx_word' id='word_1_160' title='bbox 1287 2590 1352 2659; x_wconf 82' lang='lat' dir='ltr'>effe</span> <span class='ocrx_word' id='word_1_161' title='bbox 1388 2590 1389 2685; x_wconf 64' lang='lat' dir='ltr'>i</span> 
     </span>
     <span class='ocr_line' id='line_1_20' title="bbox 270 2706 1353 2795; baseline -0.002 -18"><span class='ocrx_word' id='word_1_162' title='bbox 270 2708 471 2788; x_wconf 63' lang='lat' dir='ltr'>constructas,</span> <span class='ocrx_word' id='word_1_163' title='bbox 492 2718 524 2773; x_wconf 87' lang='lat' dir='ltr'>et</span> <span class='ocrx_word' id='word_1_164' title='bbox 540 2706 724 2793; x_wconf 84' lang='lat' dir='ltr'>quiamolta</span> <span class='ocrx_word' id='word_1_165' title='bbox 744 2706 846 2775; x_wconf 86' lang='lat' dir='ltr'>uestra</span> <span class='ocrx_word' id='word_1_166' title='bbox 864 2708 980 2795; x_wconf 79' lang='lat' dir='ltr'>quesita</span> <span class='ocrx_word' id='word_1_167' title='bbox 1001 2721 1169 2777; x_wconf 86' lang='lat' dir='ltr'>occurrunt</span> <span class='ocrx_word' id='word_1_168' title='bbox 1189 2718 1221 2775; x_wconf 91' lang='lat' dir='ltr'>et</span> <span class='ocrx_word' id='word_1_169' title='bbox 1246 2728 1353 2795; x_wconf 90' lang='lat' dir='ltr'>quum</span> 
     </span>
     <span class='ocr_line' id='line_1_21' title="bbox 270 2800 1389 2913; baseline -0.004 -19"><span class='ocrx_word' id='word_1_170' title='bbox 270 2800 365 2895; x_wconf 73' lang='lat' dir='ltr'>etiarn</span> <span class='ocrx_word' id='word_1_171' title='bbox 390 2824 496 2913; x_wconf 85' lang='lat' dir='ltr'>operis</span> <span class='ocrx_word' id='word_1_172' title='bbox 516 2822 595 2889; x_wconf 85' lang='lat' dir='ltr'>alius</span> <span class='ocrx_word' id='word_1_173' title='bbox 614 2820 765 2895; x_wconf 88' lang='lat' dir='ltr'>haberem</span> <span class='ocrx_word' id='word_1_174' title='bbox 789 2823 920 2901; x_wconf 88' lang='lat' dir='ltr'>tabulas,</span> <span class='ocrx_word' id='word_1_175' title='bbox 948 2834 1025 2909; x_wconf 89' lang='lat' dir='ltr'>puta</span> <span class='ocrx_word' id='word_1_176' title='bbox 1047 2822 1115 2893; x_wconf 87' lang='lat' dir='ltr'>uidi</span> <span class='ocrx_word' id='word_1_177' title='bbox 1145 2822 1269 2891; x_wconf 87' lang='lat' dir='ltr'>tabulas</span> <span class='ocrx_word' id='word_1_178' title='bbox 1294 2842 1354 2891; x_wconf 85' lang='lat' dir='ltr'>ue·</span> <span class='ocrx_word' id='word_1_179' title='bbox 1388 2824 1389 2911; x_wconf 68' lang='lat' dir='ltr'>i</span> 
     </span>
     <span class='ocr_line' id='line_1_22' title="bbox 225 2934 1354 3028; baseline -0.007 -15"><span class='ocrx_word' id='word_1_180' title='bbox 225 3001 229 3022; x_wconf 89' lang='grc'>,</span> <span class='ocrx_word' id='word_1_181' title='bbox 269 2942 365 3013; x_wconf 81' lang='lat' dir='ltr'>tostas</span> <span class='ocrx_word' id='word_1_182' title='bbox 386 2961 445 3028; x_wconf 87' lang='lat' dir='ltr'>pro</span> <span class='ocrx_word' id='word_1_183' title='bbox 473 2934 664 3006; x_wconf 77' lang='lat' dir='ltr'>inueniento</span> <span class='ocrx_word' id='word_1_184' title='bbox 692 2934 891 3007; x_wconf 82' lang='lat' dir='ltr'>Latitudines</span> <span class='ocrx_word' id='word_1_185' title='bbox 917 2943 1131 3027; x_wconf 86' lang='lat' dir='ltr'>planetarum,</span> <span class='ocrx_word' id='word_1_186' title='bbox 1167 2938 1354 3027; x_wconf 77' lang='lat' dir='ltr'>inquibus</span> 
     </span>
     <span class='ocr_line' id='line_1_23' title="bbox 220 3052 1389 3159; baseline 0.001 -39"><span class='ocrx_word' id='word_1_187' title='bbox 220 3111 223 3120; x_wconf 89' lang='lat'><em>.</em></span> <span class='ocrx_word' id='word_1_188' title='bbox 270 3059 395 3128; x_wconf 86' lang='lat' dir='ltr'>ineatur</span> <span class='ocrx_word' id='word_1_189' title='bbox 427 3077 498 3124; x_wconf 93' lang='lat' dir='ltr'>cum</span> <span class='ocrx_word' id='word_1_190' title='bbox 518 3061 640 3123; x_wconf 75' lang='lat' dir='ltr'>¹contro</span> <span class='ocrx_word' id='word_1_191' title='bbox 676 3062 806 3118; x_wconf 89' lang='lat' dir='ltr'>etcum</span> <span class='ocrx_word' id='word_1_192' title='bbox 839 3052 1041 3159; x_wconf 62' lang='lat' dir='ltr'>argumento</span> <span class='ocrx_word' id='word_1_193' title='bbox 1062 3052 1168 3121; x_wconf 80' lang='lat' dir='ltr'>medio</span> <span class='ocrx_word' id='word_1_194' title='bbox 1204 3056 1356 3141; x_wconf 83' lang='lat' dir='ltr'>planeta·</span> <span class='ocrx_word' id='word_1_195' title='bbox 1388 3084 1389 3105; x_wconf 54' lang='lat' dir='ltr'>r</span> 
     </span>
     <span class='ocr_line' id='line_1_24' title="bbox 269 3164 1353 3257; baseline -0.006 -16"><span class='ocrx_word' id='word_1_196' title='bbox 269 3194 352 3252; x_wconf 89' lang='lat' dir='ltr'>rum,</span> <span class='ocrx_word' id='word_1_197' title='bbox 374 3182 405 3238; x_wconf 90' lang='lat' dir='ltr'>et</span> <span class='ocrx_word' id='word_1_198' title='bbox 427 3168 460 3235; x_wconf 92' lang='lat' dir='ltr'>in</span> <span class='ocrx_word' id='word_1_199' title='bbox 481 3166 595 3248; x_wconf 78' lang='lat' dir='ltr'>angulo</span> <span class='ocrx_word' id='word_1_200' title='bbox 618 3164 776 3232; x_wconf 90' lang='lat' dir='ltr'>communi</span> <span class='ocrx_word' id='word_1_201' title='bbox 799 3164 1000 3237; x_wconf 74' lang='lat' dir='ltr'>inueniuntur</span> <span class='ocrx_word' id='word_1_202' title='bbox 1025 3168 1208 3237; x_wconf 85' lang='lat' dir='ltr'>latitudines</span> <span class='ocrx_word' id='word_1_203' title='bbox 1230 3172 1353 3257; x_wconf 83' lang='lat' dir='ltr'>plane·</span> 
     </span>
     <span class='ocr_line' id='line_1_25' title="bbox 269 3264 1354 3365; baseline -0.004 -11"><span class='ocrx_word' id='word_1_204' title='bbox 269 3299 390 3364; x_wconf 67' lang='lat' dir='ltr'>taruma,</span> <span class='ocrx_word' id='word_1_205' title='bbox 421 3294 526 3350; x_wconf 89' lang='lat' dir='ltr'>tamen</span> <span class='ocrx_word' id='word_1_206' title='bbox 562 3276 658 3365; x_wconf 87' lang='lat' dir='ltr'>primi</span> <span class='ocrx_word' id='word_1_207' title='bbox 692 3264 973 3365; x_wconf 55' lang='lat' dir='ltr'>operis&#39;habe&#39;rem</span> <span class='ocrx_word' id='word_1_208' title='bbox 1003 3284 1125 3352; x_wconf 77' lang='lat' dir='ltr'>tabulas</span> <span class='ocrx_word' id='word_1_209' title='bbox 1158 3280 1354 3351; x_wconf 83' lang='lat' dir='ltr'>inueniencli</span> 
     </span>
     <span class='ocr_line' id='line_1_26' title="bbox 269 3398 1355 3489; baseline -0.003 -20"><span class='ocrx_word' id='word_1_210' title='bbox 269 3402 369 3471; x_wconf 89' lang='lat' dir='ltr'>medii</span> <span class='ocrx_word' id='word_1_211' title='bbox 391 3411 505 3477; x_wconf 83' lang='lat' dir='ltr'>motus,</span> <span class='ocrx_word' id='word_1_212' title='bbox 525 3398 668 3489; x_wconf 77' lang='lat' dir='ltr'>angulos,</span> <span class='ocrx_word' id='word_1_213' title='bbox 691 3404 799 3463; x_wconf 84' lang='lat' dir='ltr'>centra</span> <span class='ocrx_word' id='word_1_214' title='bbox 828 3406 859 3467; x_wconf 90' lang='lat' dir='ltr'>ct</span> <span class='ocrx_word' id='word_1_215' title='bbox 886 3411 1069 3481; x_wconf 78' lang='lat' dir='ltr'>argumenta</span> <span class='ocrx_word' id='word_1_216' title='bbox 1096 3410 1156 3467; x_wconf 83' lang='lat' dir='ltr'>cet.</span> <span class='ocrx_word' id='word_1_217' title='bbox 1182 3408 1213 3466; x_wconf 91' lang='lat' dir='ltr'>et</span> <span class='ocrx_word' id='word_1_218' title='bbox 1239 3398 1355 3486; x_wconf 86' lang='lat' dir='ltr'>qualia</span> 
     </span>
     <span class='ocr_line' id='line_1_27' title="bbox 269 3510 1355 3607; baseline -0.004 -21"><span class='ocrx_word' id='word_1_219' title='bbox 269 3522 365 3607; x_wconf 86' lang='lat' dir='ltr'>plura</span> <span class='ocrx_word' id='word_1_220' title='bbox 388 3549 446 3567; x_wconf 91' lang='lat'>-·</span> <span class='ocrx_word' id='word_1_221' title='bbox 465 3512 570 3599; x_wconf 82' lang='lat' dir='ltr'>operia</span> <span class='ocrx_word' id='word_1_222' title='bbox 597 3510 750 3578; x_wconf 81' lang='lat' dir='ltr'>haberem</span> <span class='ocrx_word' id='word_1_223' title='bbox 773 3512 906 3582; x_wconf 86' lang='lat' dir='ltr'>tabulas.</span> <span class='ocrx_word' id='word_1_224' title='bbox 948 3512 1013 3583; x_wconf 88' lang='lat' dir='ltr'>Sed</span> <span class='ocrx_word' id='word_1_225' title='bbox 1034 3514 1175 3585; x_wconf 82' lang='lat' dir='ltr'>inuentio</span> <span class='ocrx_word' id='word_1_226' title='bbox 1195 3514 1355 3603; x_wconf 87' lang='lat' dir='ltr'>pulcher·</span> 
     </span>
    </p>
   </div>
   <div class='ocr_carea' id='block_1_5' title="bbox 270 3625 1389 3721">
    <p class='ocr_par' dir='ltr' id='par_1_10' title="bbox 270 3625 1389 3721">
     <span class='ocr_line' id='line_1_28' title="bbox 270 3625 1389 3721; baseline -0.004 -19"><span class='ocrx_word' id='word_1_227' title='bbox 270 3625 427 3721; x_wconf 79' lang='lat' dir='ltr'>rima.est,·</span> <span class='ocrx_word' id='word_1_228' title='bbox 454 3648 517 3714; x_wconf 82' lang='lat' dir='ltr'>ego</span> <span class='ocrx_word' id='word_1_229' title='bbox 536 3626 667 3715; x_wconf 83' lang='lat' dir='ltr'>quidem</span> <span class='ocrx_word' id='word_1_230' title='bbox 693 3626 851 3697; x_wconf 80' lang='lat' dir='ltr'>construxi</span> <span class='ocrx_word' id='word_1_231' title='bbox 872 3628 993 3699; x_wconf 86' lang='lat' dir='ltr'>tabulas</span> <span class='ocrx_word' id='word_1_232' title='bbox 1017 3650 1078 3717; x_wconf 89' lang='lat' dir='ltr'>pro</span> <span class='ocrx_word' id='word_1_233' title='bbox 1100 3628 1357 3716; x_wconf 84' lang='lat' dir='ltr'>multiplicando</span> <span class='ocrx_word' id='word_1_234' title='bbox 1388 3638 1389 3721; x_wconf 73' lang='lat' dir='ltr'>t</span> 
     </span>
    </p>
   </div>
   <div class='ocr_carea' id='block_1_6' title="bbox 269 3742 1359 4077">
    <p class='ocr_par' dir='ltr' id='par_1_11' title="bbox 269 3724 1389 4077">
     <span class='ocr_line' id='line_1_29' title="bbox 271 3742 1356 3833; baseline -0.011 -16"><span class='ocrx_word' id='word_1_235' title='bbox 271 3761 304 3819; x_wconf 88' lang='lat' dir='ltr'>et</span> <span class='ocrx_word' id='word_1_236' title='bbox 324 3746 552 3823; x_wconf 84' lang='lat' dir='ltr'>diuidendum</span> <span class='ocrx_word' id='word_1_237' title='bbox 573 3744 688 3833; x_wconf 78' lang='lat' dir='ltr'>quibua</span> <span class='ocrx_word' id='word_1_238' title='bbox 708 3744 929 3831; x_wconf 84' lang='lat' dir='ltr'>multiplicatio</span> <span class='ocrx_word' id='word_1_239' title='bbox 950 3744 992 3813; x_wconf 87' lang='lat' dir='ltr'>dc</span> <span class='ocrx_word' id='word_1_240' title='bbox 1018 3760 1061 3811; x_wconf 84' lang='lat' dir='ltr'>ro</span> <span class='ocrx_word' id='word_1_241' title='bbox 1083 3742 1211 3813; x_wconf 78' lang='lat' dir='ltr'>minutia</span> <span class='ocrx_word' id='word_1_242' title='bbox 1236 3744 1275 3813; x_wconf 93' lang='lat' dir='ltr'>in</span> <span class='ocrx_word' id='word_1_243' title='bbox 1308 3760 1356 3809; x_wconf 87' lang='lat' dir='ltr'>ro</span> 
     </span>
     <span class='ocr_line' id='line_1_30' title="bbox 269 3840 1359 3953; baseline -0.004 -22"><span class='ocrx_word' id='word_1_244' title='bbox 269 3840 391 3953; x_wconf 77' lang='lat' dir='ltr'>minuta</span> <span class='ocrx_word' id='word_1_245' title='bbox 417 3860 450 3929; x_wconf 92' lang='lat' dir='ltr'>in</span> <span class='ocrx_word' id='word_1_246' title='bbox 483 3862 597 3947; x_wconf 72' lang='lat' dir='ltr'>angulo</span> <span class='ocrx_word' id='word_1_247' title='bbox 621 3860 962 3946; x_wconf 37' lang='lat' dir='ltr'>,communi‘inuenitur</span> <span class='ocrx_word' id='word_1_248' title='bbox 988 3854 1160 3946; x_wconf 67' lang='lat' dir='ltr'>pneuma</span> <span class='ocrx_word' id='word_1_249' title='bbox 1201 3856 1234 3927; x_wconf 94' lang='lat' dir='ltr'>in</span> <span class='ocrx_word' id='word_1_250' title='bbox 1261 3860 1359 3929; x_wconf 89' lang='lat' dir='ltr'>diui·</span> 
     </span>
     <span class='ocr_line' id='line_1_31' title="bbox 269 3972 1356 4077; baseline -0.006 -25"><span class='ocrx_word' id='word_1_251' title='bbox 269 3981 369 4052; x_wconf 72' lang='lat' dir='ltr'>alendi</span> <span class='ocrx_word' id='word_1_252' title='bbox 389 3976 647 4049; x_wconf 85' lang='lat' dir='ltr'>autem.inuento</span> <span class='ocrx_word' id='word_1_253' title='bbox 676 3978 710 4046; x_wconf 94' lang='lat' dir='ltr'>in</span> <span class='ocrx_word' id='word_1_254' title='bbox 736 3974 1006 4077; x_wconf 80' lang='lat' dir='ltr'>partesuperiori</span> <span class='ocrx_word' id='word_1_255' title='bbox 1030 3994 1197 4048; x_wconf 90' lang='lat' dir='ltr'>numerum</span> <span class='ocrx_word' id='word_1_256' title='bbox 1218 3972 1356 4045; x_wconf 83' lang='lat' dir='ltr'>diuiso·</span> 
     </span>
    </p>
   </div>
   <div class='ocr_carea' id='block_1_7' title="bbox 149 4070 1361 4275">
    <p class='ocr_par' dir='ltr' id='par_1_12' title="bbox 149 4070 1361 4275">
     <span class='ocr_line' id='line_1_32' title="bbox 149 4070 1358 4179; baseline -0.003 -18"><span class='ocrx_word' id='word_1_257' title='bbox 149 4132 155 4142; x_wconf 83' lang='lat'><strong>·</strong></span> <span class='ocrx_word' id='word_1_258' title='bbox 270 4106 389 4164; x_wconf 80' lang='lat' dir='ltr'>temet</span> <span class='ocrx_word' id='word_1_259' title='bbox 408 4078 635 4164; x_wconf 80' lang='lat' dir='ltr'>&#39;descendendo</span> <span class='ocrx_word' id='word_1_260' title='bbox 655 4110 820 4161; x_wconf 84' lang='lat' dir='ltr'>numerum</span> <span class='ocrx_word' id='word_1_261' title='bbox 844 4094 1073 4177; x_wconf 83' lang='lat' dir='ltr'>diuidendum,</span> <span class='ocrx_word' id='word_1_262' title='bbox 1098 4070 1193 4179; x_wconf 78' lang='lat' dir='ltr'>ipsru&#39;s</span> <span class='ocrx_word' id='word_1_263' title='bbox 1218 4089 1358 4159; x_wconf 76' lang='lat' dir='ltr'>directo</span> 
     </span>
     <span class='ocr_line' id='line_1_33' title="bbox 944 4206 1361 4275; baseline -0.002 1"><span class='ocrx_word' id='word_1_264' title='bbox 944 4206 954 4227; x_wconf 74' lang='lat'>⁸</span> <span class='ocrx_word' id='word_1_265' title='bbox 1069 4215 1073 4230; x_wconf 69' lang='lat'><strong><em>‘</em></strong></span> <span class='ocrx_word' id='word_1_266' title='bbox 1235 4214 1246 4229; x_wconf 87' lang='grc'><em>·</em></span> <span class='ocrx_word' id='word_1_267' title='bbox 1312 4206 1361 4275; x_wconf 86' lang='lat' dir='ltr'>ad</span> 
     </span>
    </p>
   </div>
   <div class='ocr_carea' id='block_1_8' title="bbox 0 0 1480 5092">
    <p class='ocr_par' dir='ltr' id='par_1_13' title="bbox 0 0 1480 5092">
     <span class='ocr_line' id='line_1_34' title="bbox 0 0 1480 5092; baseline 0 0"><span class='ocrx_word' id='word_1_268' title='bbox 0 0 1480 5092; x_wconf 95' lang='lat' dir='ltr'> </span> 
     </span>
    </p>
   </div>
  </div>
 </body>
</html>
