2950 5092
239 457 277 584 J
337 475 490 563 erran.
515 467 981 561 nnororuounaur
1093 442 1183 571 ιιι

138 679 255 776 biqinem
286 671 443 743 celestium
468 671 593 740 orbium
612 665 801 753 abstergere
828 665 965 754 eosque
960 666 1015 736 ad
1032 665 1170 740 elamitae
1248 703 1257 724 ι

138 793 222 874 regias
239 791 391 878 redigere,
413 785 527 856 ceteris
539 789 571 854 in
593 782 699 870 quiete
720 771 811 867 pulis
827 778 993 850 timoribus
1006 783 1070 852 rita
1087 797 1172 864 tran

136 906 469 990 inmemoremque,
512 900 605 970 nobis
629 899 733 966 ocium
760 886 1013 982 philosophicum
1039 899 1172 980 gloriam

136 1023 221 1105 pariet
239 1033 389 1109 perpetuo
416 1021 608 1116 duraturam.
642 1013 728 1101 quqd
751 1033 790 1078 eo
814 1011 936 1080 facilius
961 1024 1055 1099 atque
1076 1015 1173 1088 abun·

135 1133 238 1202 dontius
261 1137 411 1205 ambobus
436 1134 541 1212 uoltis¹
554 1130 680 1203 eueniet
700 1149 764 1218 quo
786 1129 931 1194 loannem
954 1122 1092 1209 uestrum
1115 1131 1173 1197 ob-
1274 1212 1276 1219 Ι

136 1244 291 1334 sequentem
320 1251 483 1318 humanius
512 1259 546 1316 ut
575 1243 679 1314 soletis
708 1240 947 1330 ampreuenioi.
1012 1244 1097 1312 Dum
1116 1260 1177 1333 per

136 1366 222 1433 ocium
244 1366 387 1451 poteritis
412 1363 526 1432 litteris
553 1361 631 1428 meis
663 1360 800 1429 reddere
829 1357 915 1426 uices
943 1357 1044 1426 uirtus
1072 1358 1176 1429 nestra

134 1478 299 1548 hortabitur.
361 1481 416 1548 Ne
440 1490 544 1546 autem
569 1473 726 1568 fastidium
748 1472 871 1570 pariant
899 1473 1176 1583 multiplicationes
1225 1474 1231 1489 '

135 1605 162 1662 et
178 1596 332 1664 divisiones
356 1591 557 1662 numerorum
577 1612 636 1678 per
659 1604 806 1657 numeror
829 1587 890 1655 seue
917 1587 1009 1654 etiam
1032 1564 1178 1659 radicum

135 1709 338 1788 extrailiones,
376 1705 447 1774 satie
474 1704 535 1770 erit
561 1702 645 1768 eirca
665 1701 911 1788 unumquodque
937 1701 1086 1786 questum
1112 1725 1179 1772 mo

135 1824 197 1897 dun
217 1825 364 1912 operandi
390 1814 628 1910 perstringere.
654 1817 723 1901 quis
754 1815 837 1883 enim
861 1815 916 1884 nis
939 1816 1028 1885 mdis
1053 1818 1179 1888 omnino

135 1939 312 2024 operationes
333 1953 533 2006 numerorum
552 1914 698 2014 innotat?
719 1940 755 1996 ut
779 1927 877 2010 igitur
895 1931 986 1996 labor
1006 1931 1101 2000 uobis
1120 1940 1179 2002 mi·

134 2067 229 2122 nuatur
250 2053 310 2119 hoc
332 2049 423 2138 passo
443 2023 597 2130 deinceps
624 2045 755 2111 alterum
776 2043 866 2115 alteri
892 2043 1085 2130 respondere
1103 2047 1181 2116 liee-
1265 2024 1273 2052 x

135 2167 182 2236 bit.
200 2168 250 2235 ubi
270 2180 375 2234 tamen
393 2162 511 2252 absque
531 2177 732 2230 numerorum
756 2155 813 2226 usu
833 2156 1019 2246 responderi
1034 2183 1097 2231 non
1123 2185 1182 2248 po·
1303 2189 1324 2268 ἰ

135 2281 197 2348 terit
219 2295 340 2350 utemur
360 2300 419 2368 pro
438 2278 531 2348 libito
552 2272 689 2342 numeria
710 2282 747 2340 ut
765 2293 817 2340 res
836 2271 904 2358 apsa
913 2274 1060 2364 postulat
1084 2277 1182 2361 Nune
1226 2264 1237 2294 χ

136 2397 221 2465 ualete
239 2398 378 2468 feliciter
403 2407 436 2466 et
455 2413 507 2464 me
531 2400 567 2461 ut
572 2387 714 2514 cepistis
735 2382 838 2455 amare
862 2410 926 2457 non
946 2390 1100 2462 desinatis.

572 2485 702 2609 Totus
727 2535 831 2608 uester
850 2543 980 2661 loannes
1000 2557 1180 2626 germanus.
1228 2630 1233 2647 ι
1307 2596 1309 2599 -

630 2885 733 2978 601,
866 2848 872 2879 ι

135 3039 248 3112 ioannes
278 3025 457 3126 germanus
473 3037 514 3108 ad
542 3037 697 3152 Iacobum¹
716 3035 759 3104 de
787 3031 871 3124 spira
896 3035 1105 3109 aſtronomum
1129 3040 1187 3121 dtll

200 3157 348 3228 Federiei
368 3154 490 3226 comitis
514 3153 720 3226 Vrbioaturu·

234 3338 346 3406 Multa
369 3354 421 3403 me
449 3331 613 3402 hortantur
642 3331 816 3404 dottissinne
839 3335 890 3403 uir
920 3353 956 3400 ae
986 3332 1195 3404 uehementer

134 3447 281 3534 instigant
295 3452 337 3520 ad
360 3448 601 3519 familiaritatem
625 3449 708 3518 inter
736 3446 1007 3520 nos'conuandam
1032 3459 1065 3516 et
1083 3448 1191 3517 amiei-

134 3559 171 3628 tie
189 3565 340 3650 perennis
364 3564 469 3632 felicia
499 3546 685 3632 constituere
706 3562 892 3650 primordia.
952 3562 1087 3631 Patriam
1106 3564 1192 3633 enim
1222 3536 1230 3567 ¹

135 3673 288 3766 inprimis
306 3679 459 3747 habemur
480 3699 675 3748 communem
695 3677 908 3746 alamanniam:
941 3680 1022 3750 lares
1042 3692 1193 3768 paternos

133 3791 258 3864 haud'
225 3797 359 3866 nimium
378 3791 540 3862 distantes:
563 3813 626 3879 que
645 3812 696 3858 rer
715 3791 807 3860 unica
821 3791 988 3878 presertim
1008 3795 1191 3882 peregrinio

133 3906 217 3977 nobie
241 3911 361 3980 animoa
386 3887 533 3990 colligare
554 3904 697 3974 sufficiet
737 3903 901 3975 seminus
924 3907 1051 3977 demum
1070 3909 1193 3998 prinei

134 4017 222 4104 pibus
240 4025 299 4096 ubi
320 4019 554 4156 uniedlrmis,
543 4031 627 4092 rntee
647 4039 726 4104 qnos
745 4032 860 4137 quanta
878 4032 912 4092 et
932 4039 1026 4113 quarn
1046 4042 1125 4096 uera
1147 4025 1193 4089 al·

645 4126 749 4222 Κς
1048 4130 1051 4141 ’
1127 4147 1193 4212 ter«
1331 4193 1334 4198 .
