2950 5092
342 486 499 577 uersu,
522 430 950 587 neeromournurss
1125 504 1194 587 127

145 702 208 753 reas
226 702 243 750 e
261 682 287 765 l,
312 687 324 752 l
347 684 388 767 lr,
413 696 444 753 et
464 686 524 751 kz
544 682 716 754 secundum
734 684 960 772 proportiones
983 682 1086 769 datas,
1114 696 1145 755 et
1160 696 1197 755 ut

146 803 175 869 it
193 800 313 868 breuius
329 798 367 882 *)
389 799 472 869 linea
492 820 549 865 ze
569 814 594 883 4
615 802 728 889 pedes,
753 803 837 869 linea
858 805 903 869 el
927 812 959 884 7,
986 802 1093 887 (ped)
1114 802 1199 869 linea
1383 878 1384 911 1

145 916 257 1001 lk13
286 916 417 984 etlinea
445 912 575 1001 kz'17
598 914 807 1003 pedum.**)
850 914 998 985 uoffibile
1019 928 1123 986 autem
1154 914 1199 1017 est
1312 978 1318 985 .
1383 992 1384 1003 χ

91 1057 92 1126 q
145 1050 195 1117 per
214 1014 374 1100 secundam
399 1031 494 1100 huius
519 1032 580 1100 eise
606 1033 758 1101 circulum
783 1032 836 1101 cui
865 1032 1130 1103 cointerminalitcr
1151 1032 1199 1101 in·
1332 1080 1335 1093 ·
1383 1080 1384 1093 t

91 1139 92 1182 Τ
145 1142 306 1214 scribentur
329 1145 391 1213 lr'ec
420 1160 556 1233 quatuor
591 1126 676 1215 linco
710 1168 782 1216 cum
816 1160 882 1215 tres
915 1168 1021 1217 earum
1056 1148 1200 1233 quelibet
1345 1140 1349 1149 ’

91 1265 92 1312 t
145 1269 239 1345 quarta
258 1263 381 1349 reliqua
402 1263 458 1330 snrt
483 1262 655 1349 longiores.
681 1262 716 1330 stt
740 1280 816 1347 ergo
835 1256 1043 1331 circulus‘ille
1064 1282 1116 1331 ze
1134 1269 1146 1333 l
1164 1266 1200 1347 k,
1260 1294 1264 1315 ·

92 1353 95 1362 ¹
145 1374 220 1443 cuius
237 1375 391 1444 diameter
406 1396 469 1463 zp
495 1391 568 1445 uota
592 1369 656 1446 erit
677 1367 823 1465 cespestu
849 1360 932 1445 linee
954 1398 975 1445 z
999 1400 1017 1444 e
1041 1400 1100 1465 per
1124 1394 1203 1467 pre·
1264 1408 1266 1413 ·

143 1492 302 1559 cedentem.
346 1489 408 1559 erit
435 1502 540 1558 autem
563 1502 596 1559 et
622 1512 694 1558 area
717 1490 926 1580 quadranguli
947 1514 978 1561 zr
997 1516 1014 1561 e
1034 1498 1046 1565 l
1069 1518 1092 1583 p
1114 1506 1202 1577 note,

143 1625 227 1691 quum
252 1624 291 1674 ex
313 1602 441 1673 decimo
460 1601 556 1671 huius
580 1602 738 1673 diameter
759 1606 967 1692 quadranguli
985 1626 1006 1674 z
1028 1611 1131 1693 lznqte
1146 1608 1201 1677 ha·
1244 1610 1251 1625 ’

94 1788 99 1804 ,
141 1699 268 1797 habitur,
293 1720 488 1804 neuterque
515 1716 745 1828 triangulorum
766 1741 787 1787 z
813 1742 830 1787 e
857 1724 869 1790 l
891 1732 922 1788 et
940 1742 961 1788 z
982 1724 1038 1791 kl
1066 1724 1127 1793 tria
1148 1724 1203 1793 ha·

141 1829 221 1902 uouit
239 1834 366 1918 cognita
386 1836 494 1914 latera,
521 1831 605 1904 unde
623 1812 656 1898 et
673 1830 837 1919 utriusque
858 1854 931 1903 area
944 1849 1019 1906 nota
1035 1840 1202 1915 reddetur,

94 1956 97 1986 ¹
140 1945 205 2015 irino
231 1968 292 2036 que
320 1948 421 2038 totius
449 1946 658 2033 quadranguli
689 1966 762 2014 area
791 1946 979 2023 innotescet.
1040 1952 1076 2023 Si
1104 1954 1204 2040 igitur

94 2115 97 2147 =
142 2058 283 2131 diameter
303 2084 364 2154 zp
386 2062 499 2131 circuli
515 2080 535 2127 z
555 2063 600 2126 el
616 2057 729 2128 keiset
745 2059 792 2125 60
811 2066 946 2148 pedum,
967 2062 1038 2134 latis
1055 2067 1117 2134 iam
1135 2090 1204 2137 rur·
1226 2092 1228 2097 ’

94 2223 98 2265 ,
141 2173 198 2244 sum
219 2188 353 2264 pateret.
395 2178 434 2246 Et
455 2177 476 2243 ti
499 2172 563 2243 non
588 2174 685 2244 suerit
710 2172 758 2239 oo
781 2180 901 2264 pedum
923 2165 1203 2267 ponaturlioeaa
1296 2258 1302 2265 ,

94 2282 98 2340 ³
140 2287 217 2358 noo
232 2294 366 2382 pedum,
400 2300 433 2356 et
451 2287 505 2357 fiat
522 2288 678 2357 diameter
695 2290 807 2360 circuli
828 2314 845 2359 a
864 2295 886 2361 b
902 2310 925 2377 g
943 2297 977 2373 d,
1012 2298 1063 2366 cui
1083 2300 1203 2369 circulo

94 2455 98 2490 ,
140 2392 316 2478 inscribatur
338 2406 590 2503 quadrangulum
610 2404 708 2471 limile
733 2409 985 2491 quadranguloz
1002 2418 1043 2481 el
1058 2416 1091 2496 lr,
1112 2417 1204 2485 cuiue

95 2562 99 2610 q
139 2521 181 2587 rei
199 2520 434 2608 dispolitionem
455 2528 534 2589 cuni
552 2529 583 2587 et
611 2508 766 2607 possibilis
796 2534 828 2591 ct
854 2526 956 2595 facilis
982 2528 1016 2595 tit
1040 2542 1219 2615 pretereo.v
1252 2581 1256 2589 .

142 2638 384 2724 quadrangulum
410 2639 473 2705 tale
494 2634 529 2704 tlt
550 2634 611 2712 ab
629 2635 712 2718 gd,'
740 2638 780 2704 ad
811 2638 901 2706 cuius
921 2660 1025 2711 aream
1041 2644 1084 2715 se
1107 2645 1205 2719 habet

142 2729 202 2819 area
221 2752 435 2842 quadranguli
455 2772 511 2819 ze
529 2751 541 2817 l
559 2750 582 2817 k
601 2745 679 2815 'secut
697 2750 886 2835 quadratum
909 2752 1056 2825 diametri
1074 2780 1095 2825 z
1115 2782 1138 2845 p
1163 2762 1206 2831 ad

141 2865 339 2950 quadrantem
349 2864 538 2942 xdiametriu
557 2884 591 2945 n,
618 2882 755 2951 cumque
774 2876 839 2931 tres
862 2865 972 2939 harum
997 2874 1206 2959 quantitatum

142 2978 188 3049 scot
207 2992 299 3063 note,
339 2981 452 3066 quarta
479 2997 606 3065 quoque
631 2976 806 3046 innotescet
829 2983 916 3067 quod
944 2998 1011 3051 erat
1040 2983 1205 3057 absolucn·
1292 2972 1297 2982 ¹

141 3094 218 3166 dum.
280 3101 395 3186 Quare
428 3106 533 3163 eutem
570 3113 642 3159 aree
669 3089 969 3181 quadrangulorum
997 3100 1139 3171 similium
1172 3116 1206 3176 et
1260 3177 1264 3187 ,
1302 3166 1305 3181 «

141 3213 282 3296 quadrata
302 3209 531 3277 diametrorum
552 3209 745 3277 ¹circulorum
770 3212 887 3297 quibus
915 3215 1129 3301 quadrangula
1155 3223 1206 3289 in·

141 3321 246 3414 scripta
269 3327 329 3397 sent
352 3324 486 3391 eandem
505 3323 640 3427 halreant
668 3324 926 3411 proportionem,
952 3328 1096 3403 ‘nemini'
1110 3338 1204 3407 dudio

139 3438 274 3522 ignotum
304 3438 359 3509 est.
399 3437 530 3533 Delroe
554 3438 616 3505 ianr
636 3435 719 3507 sacis.
762 3443 835 3527 Quo
860 3452 963 3513 autem
989 3446 1077 3531 pauo
1097 3472 1207 3521 nume-
1286 3428 1294 3437 ”

140 3554 178 3623 ris
191 3542 270 3633 illud
293 3550 533 3643 expediendum
552 3555 598 3633 fit,
624 3572 665 3620 ex
684 3558 932 3633 commemoratis
951 3562 1046 3633 facite
1063 3566 1205 3638 addisce·

140 3676 194 3749 tur,
214 3670 272 3743 sed
293 3673 387 3743 labor
404 3670 565 3757 ingemet
581 3670 759 3743 diuturnus·

1012 3882 1320 3957 'Ad'

98 4079 103 4104 ι
163 4048 192 4122 Ρ)
206 4050 322 4116 διευίοτ,

96 4179 105 4360 ,
161 4184 208 4255 :n
225 4190 281 4259 erg.
296 4188 367 4251 xre.
