2950 5092
340 513 494 598 rrrsr
521 450 977 632 nuerortournur
1042 492 1059 543 ³

135 709 242 811 ιοιιιιιι
266 633 428 798 postquam
456 727 560 778 mores
585 717 681 793 atque
702 703 876 774 doilrinam
898 701 1162 788 astrologorum'
1151 722 1206 810 ιιιἱ

134 823 233 890 italia
223 842 282 891 ram
303 823 430 908 pridem
449 824 527 892 mihi
546 833 693 890 notorum
719 817 863 906 exposui,
896 815 1112 888 huiuscemodi
1134 837 1186 884 er-

133 940 199 1004 roris
223 934 354 1006 causam
372 937 579 1004 codicibus
568 937 719 1040 impinxi
715 939 785 1017 uel
807 935 909 1004 minus
930 936 1023 1003 bene
1034 928 1188 1000 tradusiie
1289 958 1292 971 ·

133 1057 174 1120 uel
191 1027 311 1120 indoile
332 1053 478 1138 expositis
493 1055 545 1120 uel
566 1051 635 1120 alio¹
648 1034 804 1138 idgenus
824 1048 909 1118 uieio
928 1045 1101 1113 labefasiis.
1119 1068 1188 1112 mo·

132 1177 173 1232 tus
204 1165 340 1252 denique
380 1165 534 1234 stellarum
567 1164 670 1236 nostra
703 1160 888 1249 tempestate
915 1160 1186 1228 obseruationibus

131 1299 182 1346 non
209 1278 277 1348 satis
306 1280 366 1351 esse
395 1291 575 1365 compertos
599 1277 687 1366 qipd
708 1271 741 1347 ει
765 1279 919 1364 exemplis
946 1273 1091 1370 plurimis
1112 1297 1186 1374 eon·

101 1419 102 1432 ι
130 1393 234 1460 irmaui
255 1417 318 1474 non
337 1377 434 1480 modo
456 1392 597 1482 propriis
622 1413 734 1460 uerum
756 1392 851 1460 etiam
873 1396 980 1460 alienis
1000 1403 1033 1459 et
1054 1391 1093 1457 iis
1111 1397 1186 1475 qui·

130 1506 190 1574 dem
214 1509 353 1577 uirorum
375 1509 540 1580 nobilium.
566 1505 648 1574 hane
666 1507 807 1593 denique
828 1507 981 1577 fallaciam
1003 1528 1066 1574 non
1086 1504 1188 1574 solum

132 1617 158 1687 in
193 1623 330 1708 quinque
365 1622 560 1706 retrogradis
593 1618 653 1688 sed
681 1621 775 1688 etiarn
807 1620 841 1688 in
875 1621 1080 1689 luminaribus
1113 1621 1187 1713 ipsu
1232 1610 1235 1619 ’

130 1735 321 1808 animaduerti
345 1735 474 1804 defeiiu
505 1753 615 1804 eorum
639 1734 732 1832 aliter
759 1755 820 1820 per
852 1739 1005 1802 calculum
1031 1748 1064 1804 ει
1095 1732 1187 1838 aliter

128 1870 177 1936 per
199 1849 423 1936 inspeslionem
436 1861 632 1934 apparente.
661 1859 693 1914 et
717 1869 759 1914 ne
784 1847 863 1914 fides
888 1850 1117 1923 recentioribus
1135 1865 1187 1918 ιε

129 1961 260 2034 ιιιιοιὶἱι
285 1975 478 2046 negaretur,
513 1961 737 2066 Albategnium
758 1961 922 2031 introduxi
943 1962 1000 2050 qui
1019 1963 1188 2051 utriusque

101 2129 103 2134 ,
129 2081 276 2170 luminarii
305 2078 450 2146 deferlus
477 2078 568 2145 aliter
595 2078 629 2144 in
662 2078 731 2142 celo
761 2075 974 2159 deprehendit
1003 2099 1097 2164 quam
1127 2097 1189 2163 per
1206 2073 1221 2108 ⁵

129 2213 258 2274 numeror
293 2188 500 2280 ptolemaieos
525 2191 747 2261 eliciebantur·
786 2192 873 2276 quod
895 2203 928 2259 et
949 2193 1108 2259 Ptolemeo
1128 2195 1187 2278 ιρι

129 2309 227 2390 obtigit
240 2305 460 2397 -inspesiiones
480 2305 547 2376 suas
568 2309 607 2376 ad
630 2305 778 2386 numeros
797 2300 1001 2391 hipparchios
1020 2312 1187 2378 eonferen-
1259 2313 1263 2329 “

129 2422 156 2494 ti.
214 2423 300 2491 Hine
336 2419 428 2508 sequi
452 2435 601 2508 oportere
622 2421 715 2508 ‘quod
743 2441 855 2520 neque
882 2423 1101 2490 reuolutiones
1121 2423 1185 2491 sine

101 2525 102 2534 ’
129 2537 267 2606 mundane
307 2527 371 2604 sure
401 2538 555 2624 genitales
590 2557 652 2621 per
685 2536 806 2605 tabulae
838 2534 955 2604 nostras
986 2537 1188 2623 deprehendi

129 2649 229 2733 possint
247 2645 308 2722 nee
327 2646 461 2719 stellein
483 2647 653 2719 domiciliis
675 2649 736 2716 eeli
758 2661 939 2736 opportune
958 2650 1016 2718 sisti
1034 2651 1188 2740 hoc-pret

101 2825 102 2830 ,
131 2745 225 2834 ιειιίιιι
248 2780 367 2836 attento
395 2767 482 2852 quoti
510 2786 551 2832 ne
571 2758 683 2832 domus
708 2761 778 2850 ipse
799 2763 929 2849 quidem
948 2775 1024 2850 apte
1052 2766 1093 2832 ab
1119 2767 1188 2835 uni·

129 2881 205 2948 uersu
233 2881 503 2964 distinguerentur
528 2875 725 2946 astronomis:
763 2866 880 2969 quibus
909 2891 996 2946 certe
1023 2883 1188 2986 preteritis
1214 2929 1217 2933 -

129 2995 285 3068 autminus
307 3005 404 3062 caute
419 2992 539 3080 apertis
558 2992 713 3060 iudicium
729 3013 822 3062 omne
843 2991 1064 3079 astrologicurp
1084 2998 1199 3090 ineer-¹
1324 3028 1328 3037 ·

128 3116 184 3176 turn
201 3113 278 3180 fore
335 3109 413 3178 liec
438 3119 533 3194 atque
554 3107 613 3176 alia
642 3111 740 3204 multa
764 3105 919 3177 succinile
944 3121 975 3177 et
996 3131 1056 3196 per
1081 3114 1210 3182 trans.

128 3231 184 3290 tum
206 3225 364 3312 quendam
395 3243 502 3290 eoram
530 3219 602 3308 ipsu
636 3220 781 3292 recensui
813 3235 850 3292 ut
870 3212 968 3290 artent
992 3225 1073 3295 hanc
1095 3228 1188 3297 nobi·

127 3330 251 3408 lilsrmarn
276 3339 346 3408 ab'
336 3335 463 3408 iniuriis
483 3337 703 3426 imperitorum
723 3338 931 3406 uindicarem.
973 3341 1060 3409 Finis
1082 3356 1189 3419 autern

128 3457 209 3520 totius
235 3453 388 3542 colloquii
410 3450 506 3520 nostri
531 3471 569 3518 eo
591 3454 744 3520 tendebat
771 3464 808 3521 ut
828 3453 884 3523 nis
902 3465 1006 3524 motus
1030 3455 1189 3532 stellarum

128 3563 219 3636 denuo
245 3567 508 3654 inuestigarentur
533 3570 586 3634 uel
614 3564 722 3637 saltem
758 3567 955 3639 emendatius
982 3534 1189 3658 agnosceren
1218 3594 1223 3608 ·
1280 3651 1284 3660 ,

128 3687 170 3746 tut
192 3685 454 3770 quemadmodum
478 3679 573 3768 prisci
596 3684 704 3749 fecere
730 3679 912 3768 philosophi
946 3688 1187 3777 Ptolemeusque

127 3791 182 3878 ipse
202 3801 338 3869 omnium
357 3799 508 3886 princeps
528 3795 735 3884 sepenumero
756 3795 790 3862 id
811 3797 880 3870 neri
895 3797 1106 3883 subhortatur,
1122 3827 1187 3877 non
1210 3802 1215 3810 “

128 3909 202 3992 posse
223 3916 337 3982 durare
358 3899 438 3982 hane
460 3924 560 3981 artem
582 3909 638 3980 sed
660 3909 693 3978 in
713 3911 782 3979 dies
808 3915 979 3988 laceratum
1004 3918 1042 3985 iri
1064 3941 1101 3986 ae
1119 3931 1187 3990 tan·

101 4023 190 4108 plen
219 4027 346 4129 prorsus
373 4025 572 4130 euanespere.
632 4029 714 4096 Cum
744 4047 806 4114 que
834 4027 1019 4101 insinuarem
1044 4037 1187 4105 melam
1274 4108 1278 4118 ,
1327 4108 1330 4126 ,
1371 4113 1374 4121 ,

655 4143 806 4237 Ms„
1008 4147 1017 4162 “
1130 4153 1188 4227 au.
