2950 5092
330 485 485 572 uuor.
507 455 938 610 uumomournut
1107 505 1200 580 ι...
1243 538 1247 553 .

130 681 163 754 tir
183 697 220 772 31
241 681 338 764 libre,
373 703 472 771 quare
495 677 624 752 ascenlio
643 679 729 750 ceila
748 681 849 748 medii
875 680 936 748 coli
955 676 1019 748 fuit
1038 695 1087 762 gr.
1109 691 1180 765 ¹54

130 799 231 868 minuta
253 815 305 884 17.
327 819 435 868 arcum
456 793 808 866 autemsemidiurnum
828 795 917 863 stelle
943 796 1037 864 elicio
1059 815 1112 881 gr.
1131 790 1179 871 68

129 916 230 984 minuta
254 929 307 999 ¹7·
343 914 436 982 uode
456 908 663 980 ascenssonem
687 910 805 980 reliam
828 909 1074 1000 respondentem
1100 929 1181 998 pun·

131 1031 170 1098 ilo
192 1029 330 1116 ecliptice
351 1027 385 1096 in
408 1048 472 1116 quo
496 1025 583 1096 stelle
601 1024 669 1114 ipsa
690 1029 794 1113 celum
814 1028 932 1096 mediat
953 1027 1097 1115 oportuit
1118 1025 1181 1095 ess‘e

128 1163 167 1228 gr.
191 1159 254 1230 242
287 1125 406 1212 nunuta
429 1157 485 1228 34.
521 1139 656 1234 punilus
683 1151 789 1209 autem
825 1145 974 1232 ecliptico
1001 1138 1183 1210 huiusmodi

131 1273 184 1330 crat
205 1249 269 1330 linis
295 1264 339 1336 28
373 1255 487 1326 minuti
508 1257 555 1324 dc
582 1255 688 1344 primo
720 1259 822 1344 gradu
856 1233 988 1343 uirginis
1020 1281 1093 1328 cum
1116 1281 1181 1346 quo

130 1374 259 1443 uidelicet
279 1373 366 1442 stella
391 1375 494 1442 celum
514 1371 656 1440 mediare
678 1369 767 1442 solet.
808 1375 1053 1442 declinationem
1078 1387 1184 1442 autem

129 1485 200 1555 stelle
218 1489 420 1557 meridianam
445 1490 535 1576 prius
557 1487 665 1556 inueni
685 1509 736 1574 gr.
756 1505 803 1552 co
822 1489 942 1556 minuta
960 1495 1016 1566 28.
1030 1468 1078 1559 'ex
1101 1512 1185 1580 pun·
1302 1544 1305 1556 .

130 1599 171 1668 iio
194 1617 290 1672 autem
321 1603 526 1672 mediationis
557 1603 618 1671 celi
649 1613 681 1668 et
710 1602 921 1671 declinatione
947 1602 1035 1675 stelle
1054 1611 1184 1693 planum
1236 1609 1250 1622 ‘
1286 1649 1290 1660 ι

131 1717 193 1780 cst
185 1723 321 1788 muenire
341 1725 447 1788 locum
469 1717 537 1784 cius
561 1735 674 1784 uerum
693 1715 727 1782 in
752 1718 900 1804 ecliptica
925 1741 997 1788 cum
1016 1724 1185 1792 latitudine

99 1811 100 1818 ἵ
128 1828 178 1906 sua
197 1833 254 1900 hoc
275 1835 370 1904 etiam
392 1833 425 1900 in
445 1831 512 1898 aliis
527 1825 676 1916 responso
694 1848 767 1896 mro
788 1833 964 1922 accepistis,
986 1857 1085 1924 quare
1101 1861 1185 1910 nunc

129 1949 357 2030 pretereundum
379 1943 575 2016 censebam·
656 1979 660 1988 ,

224 2163 358 2232 Sextum
379 2116 543 2250 quesitum·
585 2162 658 2232 Duo
677 2157 749 2230 sunt
774 2159 887 2232 circuli
907 2160 1041 2249 ipuorum
1062 2170 1186 2256 primur

127 2274 207 2344 labet
225 2279 415 2348 diametrum
442 2268 488 2340 60
509 2275 640 2363 pedum,
671 2271 828 2342 secundus
861 2298 941 2346 uero
967 2279 1026 2358 68.
1064 2285 1121 2372 qui
1140 2285 1186 2354 se.

99 2389 100 2472 ἶ
130 2395 231 2462 condus
255 2393 388 2482 ponitur
418 2389 513 2478 supra
544 2391 681 2474 primum
711 2392 757 2458 ito
784 2393 872 2477 quod
899 2395 1056 2466 diametro
1093 2403 1186 2470 unius

99 2569 100 2573 ,
129 2503 206 2592 supra
230 2507 420 2578 diametrum
445 2506 573 2574 alteriue
602 2503 769 2574 constituta
788 2523 988 2594 occupentur
1013 2531 1059 2598 5⁰
1084 2517 1186 2603 pedes

131 2641 163 2688 ex
183 2625 332 2694 diametro
354 2621 451 2710 primi
478 2619 603 2690 circuli.
642 2620 788 2707 queritur
809 2635 960 2706 quantum
987 2629 1032 2694 de
1056 2626 1188 2718 superli-
1330 2661 1338 2670 ·

134 2735 172 2802 cie
191 2739 253 2812 einr
273 2752 462 2826 occupetur.
503 2735 613 2806 Simile
639 2733 683 2802 eti
705 2735 739 2804 in
759 2733 849 2804 sexto
875 2740 1023 2820 almaiesti
1048 2739 1188 2830 cipitulo

131 2867 158 2936 7.
180 2855 227 2924 nil
260 2853 351 2942 quod
375 2853 409 2920 in
434 2851 496 2918 hoc
529 2847 687 2938 suppostto
726 2854 823 2920 corda
852 2857 1030 2924 communie
1058 2859 1189 2928 duobus

132 2967 237 3038 circulis
257 2967 422 3060 perduuis
442 2987 507 3036 non
527 2963 612 3034 secat
636 2965 818 3034 distantiam·
837 2979 1018 3036 centrorom
1039 2973 1190 3058 quemad·

101 3127 102 3138 ,
131 3085 240 3154 modum
258 3087 292 3155 in
314 3087 418 3170 figura
438 3081 592 3170 ptolemci
615 3081 755 3154 uidetur.
795 3077 851 3147 scd
872 3083 957 3150 cadit
984 3089 1073 3154 extra
1093 3086 1207 3156 triam-¹

132 3201 224 3278 guium
247 3221 346 3290 quem
371 3200 522 3268 claudunt
545 3199 610 3266 due
642 3196 791 3268 diametri
821 3195 1012 3288 circulorum
1040 3223 1112 3272 cum
1138 3202 1192 3271 dl·

132 3307 223 3382 stantia
253 3329 439 3386 ceutronum
461 3311 601 3384 suorum.
669 3311 802 3380 inuenio
828 3327 933 3384 autem
961 3314 1032 3404 post
1060 3323 1191 3388 multam

133 3435 363 3502 numerationem
377 3429 578 3518 superficiem
592 3439 779 3514 occupatam
799 3446 840 3494 ex
863 3431 970 3515 ptimo
992 3422 1112 3502 circuio
1130 3457 1191 3524 pe·

134 3539 198 3612 dum
219 3544 464 3633 superficialium
498 3545 604 3620 1808.
636 3543 829 3612 minutorum
852 3558 899 3628 30
925 3557 958 3614 et
982 3545 1192 3620 secundorum

132 3661 244 3738 7fere.
286 3659 489 3744 Fregienim
517 3657 637 3744 pedem
663 3656 698 3725 in
720 3655 767 3720 60
787 3656 907 3727 minuta
926 3673 959 3730 et
982 3663 1138 3736 minutum
1157 3667 1192 3736 in

133 3767 171 3832 ⁶0
193 3773 328 3844 secunda
352 3787 387 3843 ut
412 3769 536 3842 facilior
558 3773 632 3842 ct'set
649 3784 681 3841 et
704 3773 829 3858 planior
848 3779 1042 3862 computatio
1065 3780 1193 3850 frailio·

102 3903 205 3960 num.
244 3890 328 3960 Vsus
350 3887 416 3958 sum
435 3889 642 3978 proportione
663 3889 923 3958 circumferente
943 3893 984 3960 ad
1003 3895 1194 3966 diametrum

102 4001 103 4039 l
103 3999 198 4108 8οιιι
225 4021 322 4096 1554
345 4006 388 4076 ad
406 4019 493 4092 497.
530 4004 604 4074 hec
619 4003 703 4074 enim
724 4001 770 4074 cst
792 4003 895 4076 minor
918 4008 1015 4128 tripla
1042 4009 1195 4104 sesquise

626 4123 641 4190 1
663 4133 718 4206 5
1093 4129 1194 4216 prima
