2950 5092
299 440 308 574 '⁵
334 449 489 540 nrrsr.
514 447 939 564 nnnromouraur.
1108 375 1178 552 uo

126 641 151 714 in
171 644 209 716 de
237 645 362 729 lenibus
395 659 429 760 qt
460 645 549 718 settis
578 645 652 716 huie
685 640 880 730 interrogato
913 657 970 716 tuo
987 643 1176 739 'fatiliacien

125 759 171 826 llis
197 773 355 830 contentus
385 761 421 830 lis
442 753 538 850 queso
560 781 600 828 ne
621 779 689 828 rem
709 757 770 828 iam
792 758 914 830 dudum
938 759 1044 850 'quoad
1065 763 1173 852 potuit

124 877 290 946 elaboratam
314 873 430 946 totiens
452 865 681 944 transscribere'
698 885 853 962 oporteat.

186 984 295 1079 Querie
321 989 450 1078 insuper
472 1011 534 1078 que
556 985 644 1058 causa
665 1001 728 1058 tam
749 989 895 1058 acerbam
916 1001 1050 1062 mortem
1072 988 1168 1060 salua·

123 1105 170 1172 tori
199 1104 298 1174 nollro
333 1099 521 1176 attribuerit.
562 1103 704 1192 quamuis
737 1103 866 1188 gentilia
900 1117 931 1174 et
965 1126 983 1172 a
1015 1102 1173 1186 religione
1242 1109 1249 1114 '

120 1217 259 1288 christiana
284 1220 404 1288 alienus
427 1221 572 1290 uideatur
593 1218 692 1288 sermo
712 1221 777 1294 ille,
819 1221 892 1288 Hec
913 1236 966 1286 reo
985 1238 1027 1309 ex
1047 1217 1173 1288 duabus

118 1327 269 1400 rationibus
297 1335 439 1420 pendere
464 1325 662 1408 dinoscitura
704 1355 745 1402 ex
772 1331 992 1403 coniuniiioue
1019 1314 1172 1404 uidelicet

117 1461 208 1527 namra
239 1455 359 1528 tantum
396 1441 585 1538 prophetam
618 1447 839 1530 significante:
884 1461 915 1518 et
941 1469 982 1517 ex
1007 1448 1171 1518 natiuitate

117 1553 245 1624 eiusdem.
278 1613 285 1631 .
321 1556 436 1649 Quoad
465 1557 598 1648 primam
633 1561 785 1632 uidelicet
818 1565 998 1648 generalem
1029 1563 1173 1635 radicem
1275 1588 1277 1597 ’

114 1667 381 1756 supramemorata
407 1669 595 1744 resurrrenela
624 1687 726 1744 erunt.
786 1651 838 1744 A'd
866 1673 1037 1746 secundum
1063 1692 1170 1748 autem

114 1781 230 1856 indicem
254 1769 437 1856 firmandam
466 1781 587 1854 seilicet
623 1785 821 1857 natiuitatem
851 1790 919 1858 eius
957 1797 1171 1864 calculandam

113 1897 169 1964 dico
198 1899 319 1972 tabulae
353 1903 520 1978 modernae
559 1895 801 1988 haudquaquam
833 1899 1009 1969 sulficere:
1050 1927 1120 1972 nam
1149 1903 1187 1990 se⁵

112 2033 156 2094 per
181 2035 228 2082 eae
248 2015 356 2084 locum
385 2015 459 2084 lune
488 1993 710 2102 quelauerimus
737 2013 776 2081 ad
800 2027 924 2101 tempus
950 2013 1037 2082 dille
1055 2017 1173 2085 maini-⁴

111 2125 181 2208 tatia,
218 2127 418 2222 reperiemus
447 2150 519 2198 cum
547 2129 747 2197 differentem
772 2149 789 2194 a
815 2127 884 2196 loco
908 2147 1003 2216 quent
1025 2133 1170 2203 reddum
1247 2221 1251 2227 .

111 2243 197 2311 tabule
222 2241 376 2313 Ptolemei
405 2243 437 2314 in
470 2243 571 2312 tribus
598 2243 749 2328 gradibus
772 2257 803 2311 et
829 2243 978 2332 amplius.
1040 2245 1074 2314 In
1101 2244 1167 2316 sole

112 2353 185 2423 ulam
209 2357 371 2428 diuersitas
398 2357 588 2452 apparebita
625 2358 742 2426 tametlr
767 2357 870 2425 minor
892 2378 985 2444 quam
1000 2359 1041 2448 ⁴in
1065 2364 1164 2436 lunae

110 2485 233 2548 preterea
253 2471 426 2544 declinatio
449 2470 520 2542 solis
549 2473 684 2545 maxima
713 2485 856 2558 tempore
881 2449 1034 2541 Pmlemci
1066 2487 1166 2562 atque·

110 2579 208 2656 idcirco
222 2603 370 2677 tempore
383 2583 553 2656 natiuitatis
566 2574 671 2652 ehristi
686 2606 702 2652 a
714 2582 926 2659 declinatione
941 2583 1013 2656 solis
1025 2589 1165 2679 maxima

110 2689 804 2788 lntaouisnodemorumscrtptainaeterne
818 2701 1081 2773 minutisdifferta
1101 2717 1165 2791 que
1223 2733 1227 2744 ¹

111 2815 190 2884 resin
207 2813 438 2887 asoeononibus
457 2816 596 2904 obliquis
614 2833 650 2881 ac
664 2813 732 2880 aliie
749 2811 928 2883 huiusmodi
951 2795 1164 2886 diuersitatent

111 2919 231 3012 ingerere
251 2929 370 3020 potest.
394 2933 460 3000 Cur
482 2944 586 3000 autem
599 2925 750 3000 Ptolemei
770 2923 933 2998 inhaere
955 2928 1165 3012 meminerim,

109 3035 164 3109 hino
183 3045 234 3128 est,
261 3047 352 3144 quod
376 3043 449 3140 ipse*¹
470 3043 540 3130 post
556 3039 711 3112 Chrilituu
735 3052 815 3142 140,
845 3039 931 3111 annia
953 3044 1073 3112 tabulae
1093 3039 1164 3114 suat

109 3155 291 3243 constituerit,
316 3171 350 3229 ut
376 3179 417 3228 ex
436 3160 541 3248 primo
565 3159 703 3242 capitulo
726 3154 812 3222 tertii
822 3154 994 3254 'lllmagesti
1017 3156 1165 3237 trahitur,
1264 3241 1269 3248 ι

109 3285 190 3354 neque
217 3269 296 3342 alius
324 3260 537 3367 propinquior
564 3247 719 3340 natiuitati
745 3265 860 3339 Christi
887 3284 989 3338 motus
1011 3267 1164 3344 astrorum

109 3383 339 3454 tonlderauerit.
408 3381 486 3454 Non
515 3395 620 3456 tamen
651 3381 771 3453 idcirco
800 3373 987 3471 stupendum
1021 3379 1065 3454 est
1096 3401 1162 3472 quo

107 3499 177 3576 pallo
198 3497 232 3570 id
258 3497 390 3570 euenire
411 3493 505 3588 poffrt
531 3513 565 3568 ut
588 3503 630 3569 in«
647 3501 785 3570 motibus
810 3519 980 3584 corporum
1000 3495 1164 3573 celestium

108 3617 173 3678 tanta
192 3613 329 3684 uarietas
351 3627 383 3684 et
404 3593 597 3684 incertitudo
620 3627 783 3689 occurrat:
811 3614 981 3700 fragilitate
1003 3615 1085 3684 enim
1107 3617 1164 3700 ho·
1220 3651 1225 3665 ·

106 3725 177 3796 nlnie
199 3751 258 3817 per
279 3727 484 3800 instrumenta
510 3737 611 3796 motus
633 3725 784 3797 astrorum
809 3725 1013 3812 obseruantia,
1036 3745 1099 3802 non
1120 3749 1164 3804 ert

107 3843 138 3902 rei
156 3845 244 3930 ipius
266 3845 458 3913 considerate
479 3855 588 3912 natura
609 3839 643 3908 id
668 3840 796 3911 accidit.
852 3842 944 3912 Fauo
970 3839 1164 3928 igitur'fuu·

107 3949 233 4056 lamento
266 3953 466 4062 huiusmodi,
510 3955 597 4047 quod
627 3966 760 4044 propter
789 3949 958 4026 absentiam
984 3961 1163 4033 tabularum

538 4078 543 4088 ·
600 4063 684 4136 Me
1065 4071 1178 4143 didas
1248 4114 1298 4143 a.
