2950 5092
401 242 407 278 l

329 466 487 567 rrtsr.
518 461 947 553 eromotttnttt.
1021 522 1025 529 .
1127 482 1177 579 ⁸3

131 646 191 729 rium
212 670 349 749 tanquam
373 663 498 733 osntatas
527 666 620 735 ualde
646 665 843 749 habueritis,
870 660 985 753 'neque
1007 665 1179 755 quiequam

130 779 266 857 utilitatis,
285 771 369 864 'quid
397 780 481 847 enim
502 779 627 866 profuit
646 779 735 851 more
763 802 835 852 meo
856 778 959 849 ttestre
980 777 1178 865 respondiffa

128 888 361 976 interrogationi?
388 914 461 990 eum
479 899 576 983 longe
596 897 720 967 facilitas
743 918 812 967 earn
828 897 982 965 decidere
1002 895 1097 965 liceat
1114 916 1178 984 per

128 1006 227 1076 tabulas
242 1006 354 1076 uestras
371 1030 448 1097 quas
467 1011 510 1078 de
535 1013 640 1099 primo
660 1014 774 1095 mobili
792 1012 1008 1095 contexuistir,
1033 1010 1070 1091 *)
1097 1028 1179 1102 qnae

127 1121 252 1204 equidem
283 1125 387 1192 Rome
418 1124 566 1208 magister
599 1126 813 1199 christoforus
837 1126 914 1195 mihi
948 1110 1176 1197 commodabit.

126 1232 231 1303 Vtinam
254 1256 313 1323 ego
339 1240 464 1327 copiam
492 1262 598 1309 earum
624 1241 787 1310 fecissem!
831 1241 889 1309 Eas
910 1240 1115 1331 summopere
1141 1252 1175 1313 et
1300 1262 1302 1273 ⁴

125 1350 267 1421 laudandas
288 1352 420 1438 censeo,
445 1369 477 1425 et
496 1357 647 1462 omnibus*
671 1355 811 1425 studioso
832 1356 1059 1459 publicandas,
1085 1357 1175 1445 quod

125 1461 242 1535 breuiter
260 1482 356 1558 atque
382 1472 519 1541 ficiliter
541 1471 697 1559 quiequid
722 1472 765 1539 de·
793 1471 910 1562 prirtto,¹
924 1472 1037 1539 mobili
1062 1472 1172 1559 queri·

122 1589 162 1642 tur
183 1585 356 1669 expediant.
398 1590 476 1657 Non
500 1587 593 1659 licuit
620 1600 725 1658 autem
751 1586 898 1655 balianus
927 1606 1035 1682 earum
1065 1606 1175 1656 exem·

122 1698 190 1775 plunn
207 1705 399 1787 compatiare,
423 1704 608 1774 conditione
630 1724 701 1771 mea
722 1704 874 1769 moderna
894 1700 929 1769 id
949 1715 1075 1785 agente,
1100 1723 1173 1773 nam
1279 1714 1282 1725 '

122 1811 240 1882 uoluntas
257 1839 327 1886 mea
353 1838 395 1886 ex
414 1818 551 1906 imperio
573 1817 696 1885 domini
716 1816 781 1883 mei
806 1814 1073 1885 Reuerendiffimi
1092 1818 1172 1905 peni

120 1920 179 1990 dere
200 1931 316 2015 debet,
348 1934 401 2036 etri
434 1931 493 2001 soli
519 1930 722 2000 seruiendum
749 1928 804 2001 est.
842 1953 905 2018 quo
938 1935 973 2001 stt
1008 1944 1044 2001 ut
1065 1934 1174 2021 minue

120 2033 191 2107 libito
221 2044 333 2117 studiis
372 2048 527 2128 adherere
559 2042 695 2132 polim,
732 2045 897 2131 librosque
926 2046 1086 2133 quoslibet
1118 2068 1173 2117 co·

120 2153 197 2233 liare.
236 2161 364 2231 Curabo
391 2172 506 2237 tamen,
527 2160 548 2227 sn
573 2156 723 2247 pnffibile
752 2159 870 2241 fuerit,
900 2180 953 2229 eas
979 2160 1097 2231 uestras
1122 2174 1170 2233 ta·
1277 2206 1281 2223 ·

119 2265 187 2336 bula<
210 2274 322 2343 uidere
351 2272 458 2344 saltem
486 2297 570 2345 nune
598 2275 759 2357 Venetiir,
785 2276 839 2343 nist
864 2276 1011 2361 magister
1036 2280 1173 2349 Alexan·

118 2379 161 2449 der
182 2389 218 2455 ab
235 2388 439 2459 humanitatis
464 2391 569 2459 officio
591 2390 777 2468 alienabit,
804 2391 837 2457 in
860 2393 905 2459 eis
925 2413 977 2459 me
998 2394 1173 2481 plurimum

117 2497 270 2588 ortellano,
297 2518 332 2575 et
351 2506 540 2590 dignitatem
563 2525 672 2583 ,earum
691 2506 821 2574 domino
841 2527 913 2573 meo
934 2508 1171 2579 Reuerendiffi·

116 2630 162 2693 tno,
184 2618 202 2685 sr
222 2634 325 2703 uacat,
350 2618 495 2687 hilariter
520 2620 709 2705 medicabo,
736 2600 793 2707 ‘qui
818 2618 870 2687 etin
891 2618 1022 2688 antehae
1040 2636 1103 2691 tam
1123 2622 1170 2691 ui·

116 2723 141 2793 su
167 2754 252 2818 quam
273 2740 368 2805 -fama
400 2735 648 2803 dominationem
674 2732 808 2819 nestram
844 2736 1053 2821 cognouerit,
1095 2757 1173 2827 para
1238 2756 1241 2765 ’
1288 2798 1291 2806 .

115 2853 197 2916 tamen
217 2870 333 2936 magna
359 2850 519 2935 dignitati,
542 2829 645 2919 ueitre
672 2850 833 2933 merebit,
867 2853 925 2919 ubi
954 2853 1088 2925 uirtutes
1112 2874 1172 2925 ue·

115 2954 172 3029 strar
191 2964 234 3035 ita
259 2982 296 3040 ut
331 2969 462 3054 equum
484 2978 570 3048 erat,
613 2968 746 3036 Ioannes
761 3022 763 3026 ,
775 2985 943 3052 germanus
968 2967 1170 3037 dinumerare

116 3089 219 3148 conatus
243 3080 302 3152 est.
346 3080 476 3163 pergite
499 3080 617 3167 igitur,
643 3093 679 3151 ut
700 3078 857 3166 emistis,-
872 3078 1007 3149 uieiffitn
1028 3095 1088 3185 pto
1115 3100 1171 3149 ue·
1213 3066 1219 3082 ’

113 3182 156 3255 stre
177 3193 413 3264 mansuetudine
439 3178 631 3283 diseipulum
655 3190 793 3262 uestrum
819 3192 987 3279 ampletli,
1009 3193 1065 3277 qui
1089 3190 1171 3263 sum·

113 3318 222 3386 mopere
247 3310 392 3381 studebit
416 3312 511 3379 uobis
531 3332 653 3379 morem
674 3330 808 3396 gerere,
842 3308 933 3377 errius
966 3290 1096 3377 dennnnn
1122 3308 1171 3378 io·

113 3433 162 3502 ros,
183 3425 235 3495 nit
254 3448 309 3497 me
336 3428 457 3498 mimus
477 3430 576 3509 fallat,
600 3426 686 3496 baud
711 3441 789 3507 egre
811 3424 934 3505 feretis,
955 3423 977 3491 ii
1001 3424 1171 3521 integrita-

506 3557 510 3565 ·
663 3540 739 3607 -Fa
1103 3551 1171 3611 tem

138 3689 161 3761 ¹)
176 3698 230 3757 roh.
246 3699 573 3769 Blmehloi‚,Bononienfir,
588 3715 667 3755 notrae
679 3697 788 3753 'rabulae
807 3696 944 3751 caelestium
959 3652 1080 3767 motuum,
1100 3699 1172 3762 diere,

161 3808 197 3847 rte
212 3803 366 3871 imperatori
382 3803 509 3856 reiderice
524 3809 570 3869 ttt,
587 3818 643 3857 enm
659 3805 739 3853 Lucae
756 3798 857 3851 Gauriei
875 3798 1054 3861 additionibus,
1089 3800 1172 3867 Vena-j

160 3898 207 3962 riis,
224 3909 302 3967 tm.
321 3898 367 3961 i'ol.
405 3875 676 3962 eonfietrbnrtttnrnt,
693 3910 770 3971 1458,
807 3899 886 3953 trimo
903 3900 984 3953 editio
1003 3900 1038 3951 eii
1058 3900 1171 3968 Venetaj

161 4010 240 4068 1495,
257 4014 292 4069 4.
331 3982 418 4056 tmen
436 4004 552 4073 prodiere
572 4020 627 4057 eam
644 4002 736 4055 tabulis
753 4000 869 4068 Progneri
888 4012 916 4051 et
933 3994 1079 4064 Parbarhii,
1103 3988 1171 4062 orti}

159 4095 219 4161 ntae.
238 4087 384 4175 unfro,
408 4118 436 4158 er
459 4101 769 4170 deterrebimur,
793 4100 825 4153 r.
841 4103 862 4165 r,
881 4114 946 4161 mro.
966 4103 993 4161 ⁶.
1006 4098 1076 4197 intre.
1091 4110 1169 4168 ren·

160 4197 210 4263 fol,
