2950 5092
132 599 135 607 ¹
185 618 189 627 Ι
236 500 341 589 ,ης
389 426 396 443 ’
523 489 777 576 omarum.
803 492 936 577 uun.
961 495 1087 583 nou.

271 691 375 762 tiones
395 687 509 758 horum
529 687 716 778 prosecutur
737 691 861 760 fuerit..
875 711 939 759 non
965 692 1051 798 enim
1074 692 1277 778 reperiuntur
1289 692 1333 761 ni·

179 793 181 802 ’
269 807 334 876 un
363 807 429 876 eius
454 790 539 875 libri
555 805 610 891 qui
635 828 719 876 nuuc
745 808 830 897 apud
856 806 1019 891 mesum,
1050 809 1084 876 in
1109 808 1272 896 prohemio
1292 829 1335 875 au·

213 960 219 968 ·
269 935 335 992 tem
369 923 539 1006 pollicetur
560 920 592 990 sc
621 921 811 1010 scripturum
831 925 998 998 tredecim.
1060 925 1095 994 Si
1116 921 1270 992 liberhic
1288 923 1336 1009 qui

227 1055 229 1062 ’
269 1059 384 1108 reuera
415 1038 628 1128 pulcerrimus
651 1034 976 1130 mummolinus,
1001 1045 1128 1126 integer
1148 1037 1336 1106 inueniretur
1381 1098 1384 1167 ⁴

272 1173 419 1222 curarem
439 1176 510 1224 eum
530 1155 660 1236 latinum
683 1157 803 1230 facore,¹
838 1155 961 1223 adhoc
984 1157 1067 1224 enim
1091 1153 1269 1223 sufficerent
1288 1151 1338 1216 mi·
1381 1174 1384 1197 r

237 1259 251 1306 ‚¹
270 1269 305 1333 hi
326 1267 435 1336 littere
461 1286 557 1354 grece
580 1290 655 1356 quas
682 1270 714 1338 in
748 1271 843 1340 domo
865 1253 986 1342 domini
1006 1271 1070 1340 mei
1096 1264 1340 1339 reuerendilssmi

269 1381 383 1456 didici.
425 1385 541 1452 Curate
564 1397 596 1454 ot
616 1405 672 1458 uos
693 1383 826 1469 obsecro
857 1387 876 1451 st
902 1388 988 1474 apud
1010 1387 1130 1455 uestros
1152 1385 1281 1474 usquam
1299 1384 1340 1448 in·

270 1496 375 1564 ueniri
401 1495 495 1582 poisat
517 1499 599 1570 libr-r
625 1502 679 1568 ille
702 1503 839 1584 integer.
880 1494 951 1580 sunt
978 1499 1062 1568 enim
1083 1499 1116 1568 in
1137 1503 1223 1598 =urbe
1248 1495 1341 1567 uestra
1382 1504 1384 1515 '

226 1627 228 1634 ·
269 1632 334 1682 nou
355 1613 434 1680 nulli
457 1633 623 1700 precatum
648 1617 824 1684 litteratum
846 1615 964 1711 pertitio
1001 1615 1117 1702 quibus
1142 1612 1243 1684 solent
1266 1614 1341 1680 inter
1382 1644 1384 1681 :

266 1737 394 1809 ceteros
417 1725 469 1794 sue
495 1732 652 1800 facultatis
674 1732 775 1799 libror
796 1728 976 1798 huiusmodi
998 1751 1175 1798 occurrere.
1200 1748 1202 1757 '
1221 1728 1342 1798 Interim
1382 1757 1384 1793 ε

270 1850 394 1921 tamen,
430 1842 454 1930 [ι1
478 1841 671 1930 suadebiric,
710 1843 766 1915 sex
786 1846 886 1914 diuos
913 1846 1012 1914 libret
1030 1832 1204 1919 ‘traducere
1225 1845 1259 1912 in
1283 1841 1343 1911 lati·
1382 1850 1384 1909 1

270 1976 346 2022 num
363 1959 531 2044 accipiant,
559 1959 712 2048 quatenus
733 1961 871 2030 latinitat
892 1963 953 2028 hoc
973 1981 1058 2031 nouo
1080 1973 1112 2032 et
1134 1955 1342 2051 pretiulhstmu
1382 1986 1384 2025 ε

271 2089 404 2142 munere
431 2093 494 2144 non
518 2087 638 2149 eareat.

389 2305 551 2394 Quelrtum
584 2305 739 2392 quintum.
784 2306 846 2372 Die
873 2299 960 2370 sexta
984 2301 1123 2372 ollobrir
1148 2303 1221 2372 anni
1247 2311 1345 2389 prete·
1382 2342 1384 2357 ÷

270 2417 327 2492 titi
353 2420 441 2506 1463
468 2421 501 2488 in
518 2419 576 2487 hac
597 2422 728 2503 regione
751 2419 816 2493 uisa
837 2418 881 2485 est
903 2416 1000 2487 stella.
1021 2418 1053 2483 in
1080 2418 1227 2485 orizonte
1249 2419 1345 2485 orlen·
1382 2434 1384 2471 ῑ

271 2535 325 2602 tali
353 2533 467 2603 distans
491 2557 550 2622 per
576 2557 682 2604 arcum
709 2534 861 2602 orizontis
892 2531 1075 2600 acontatlu
1104 2533 1272 2601 meridiani
1296 2553 1344 2618 gr.

209 2691 211 2696 ·
272 2643 319 2713 60
348 2662 379 2720 et
403 2651 479 2718 min.
512 2668 567 2736 30.
611 2664 641 2718 et
670 2647 731 2715 hoc
757 2669 815 2735 pcr
842 2651 936 2715 horas
967 2663 983 2731 3
1010 2647 1129 2716 minuta
1156 2645 1201 2734 36
1226 2650 1346 2736 equales
1382 2668 1384 2705 :

272 2776 344 2832 ante
371 2779 474 2835 ortum
500 2741 584 2838 suli‘s.
621 2765 766 2852 queritur
791 2766 879 2830 locus
900 2759 995 2846 ipius
1021 2780 1116 2827 uerus
1135 2761 1177 2828 'in
1204 2755 1346 2848 ecliptica
1382 2780 1384 2819 t

272 2888 305 2943 et
330 2878 465 2946 latitudo
492 2881 586 2950 eius«
635 2883 743 2968 Quum
768 2860 832 2945 δυο
864 2877 920 2943 saut
949 2874 1109 2944 concauus
1129 2875 1298 2967 meridiani
1318 2880 1347 2938 et
1382 2844 1384 2941 l

127 2983 154 3060 J
254 2993 443 3098 ‘erizontim
470 2995 633 3080 problema
661 2996 722 3062 erit
742 2995 866 3078 biceps.
893 2989 955 3058 saue
982 3011 1059 3077 ergo
1086 2990 1264 3060 connatam
1288 3007 1346 3056 me·

270 3107 461 3175 ridionalem
482 3107 750 3196 assumpserimus,
775 3106 836 3176 saue
862 3103 1166 3192 septemtrionalem,
1198 3127 1263 3174 non
1284 3123 1347 3171 mu·

272 3221 393 3292 tabitur
422 3227 523 3294 forma
558 3223 740 3315 syllogismi.
803 3224 942 3289 Ponatur
968 3206 1208 3315 ergosdistitisse
1239 3239 1348 3289 acon·

271 3336 358 3406 talio
394 3341 592 3408 meridionali
618 3339 758 3424 ideoque
796 3350 828 3406 et
849 3347 984 3424 propter
1013 3335 1193 3424 ypothestm’
1211 3333 1345 3405 habuille

272 3454 518 3523 declinationem
544 3457 584 3522 ab
611 3468 762 3542 equature
779 3453 1004 3539 [meridianam.
1066 3449 1113 3519 Vt
1137 3449 1283 3518 breuiter
1303 3445 1348 3514 di·
1382 3479 1384 3495 =

269 3549 353 3650 cam,
380 3581 411 3636 et
432 3568 492 3638 stne
513 3571 712 3654 figrtratione,
743 3567 892 3655 quoniam
911 3558 1052 3650 uulgaris
1071 3563 1127 3646 est,
1151 3565 1281 3653 inuenio
1303 3583 1347 3630 ar·
1382 3576 1384 3647 ξ

161 3759 163 3773 ι
275 3706 348 3754 cum
370 3682 596 3754 semidiurnum
615 3684 687 3756 solis
712 3704 762 3770 gr.
790 3684 834 3760 ,81
865 3683 984 3751 minuta
1011 3694 1071 3769 34.
1102 3692 1134 3748 et
1155 3680 1229 3749 ideo
1256 3679 1348 3748 solem

270 3801 417 3898 pportuit
450 3798 565 3868 distare
595 3822 612 3868 a
643 3801 818 3869 meridiano
847 3815 907 3882 per
941 3813 990 3880 gr.
1022 3808 1103 3880 135.
1138 3784 1257 3866 minuta
1294 3807 1346 3882 34
1382 3768 1384 3907 Ι

275 3899 540 3984 εἰτοιιιηὶετεηῐὶέ
562 3917 704 3998 paralleli
729 3914 795 3996 sui,
832 3911 888 3980 sed
914 3909 1045 3978 al'cenlio
1069 3905 1155 3978 resta
1183 3907 1258 3980 sorte
1289 3908 1348 3977 fuit
1382 3912 1384 4021 l

273 4048 324 4118 gr.
346 4034 415 4118 289
436 4029 554 4102 minuta
583 4047 639 4118 51,
670 4029 765 4143 posui
783 4049 856 4100 eum
878 4025 976 4096 solem
996 4025 1031 4094 in
1050 4023 1153 4113 gradu
1180 4042 1225 4096 21
1246 4025 1349 4098 minu·

1308 4137 1348 4204 tir
1382 4151 1384 4166 ·
