2950 5092
213 511 238 570 a
346 505 500 595 ruer.
525 444 943 588 mosomoursur.
1007 457 1178 596 ''201
1298 495 1311 525 '·

198 703 315 770 Perticr
338 704 473 792 quedem
494 701 699 792 decope'deiis
726 683 1035 790 perpendiculariter
1058 699 1185 793 suspen·

127 817 221 886 siiture
264 817 351 887 cuius
373 831 431 906 pes
457 817 498 886 ab
524 818 667 886 orizonte
693 829 827 904 quatuor
853 818 1015 886 extollitur
1034 821 1218 906 pedibus„

126 934 269 1018 Queritur
302 919 616 1022 punc‘tus'orizontis
645 949 664 996 ιι
691 948 770 1016 quo>
785 928 907 1014 pertica
941 931 1007 1019 ipsa
1045 938 1187 1008 cernitur
1247 975 1253 990 ·

128 1063 216 1132 qoem
232 1045 418 1131 longissime,
431 1025 500 1118 ¹hoc
519 1045 563 1114 est
581 1042 639 1114 sub
656 1041 792 1112 maximo
814 1049 940 1129 angulo.
976 1051 1097 1120 Verum
1112 1029 1200 1125 curu¹

126 1164 235 1230 infinite
265 1163 321 1230 siut
346 1165 418 1232 tulit
443 1161 572 1250 poma
586 1159 868 1228 circumferentiam
899 1163 1009 1232 circuli
1030 1187 1186 1254 occupan-

124 1274 174 1343 tia.
204 1278 347 1363 queritur
373 1289 524 1365 quantum
544 1273 638 1346 disiet
658 1273 906 1362 unumquodque
927 1297 1035 1346 eorum
1056 1299 1075 1377 c
1098 1281 1184 1368 pede
1245 1303 1250 1316 ·

123 1385 256 1475 suspense
277 1390 410 1478 pertice.

197 1571 341 1638 inuenies
365 1581 430 1638 tres
461 1569 608 1640 uumerus
637 1569 805 1655 quadratos
827 1570 869 1638 de
892 1568 1063 1638 medietate
1087 1555 1206 1645 trith·-

124 1683 226 1751 metica
247 1703 383 1771 quorum
407 1685 553 1754 minimus
574 1685 607 1752 stt
632 1682 730 1750 maior
754 1681 816 1750 hoc
835 1699 967 1751 numero
991 1700 1123 1758 rocco.
1165 1719 1168 1725 ·
1197 1706 1201 1716 ·

197 1863 350 1932 Inuenias'
368 1877 432 1932 tres
458 1881 604 1932 numeros
629 1861 671 1930 iic
699 1862 870 1930 medietate
893 1863 1055 1934 ⁸armonica
1080 1867 1184 1937 uitato

123 1973 151 2040 in
170 1997 227 2062 qua
247 1977 367 2047 scilicet
389 1973 562 2066 proposcio
589 1974 718 2044 maximi
737 1960 863 2075 termini
883 1977 923 2043 ad
949 1974 1110 2049 minimum
1138 1982 1183 2052 est
1281 1970 1287 1992 Χ

124 2090 189 2158 suut
207 2091 386 2160 diticrentie
411 2089 537 2158 maximi
564 2098 596 2155 et
616 2089 714 2158 medii
734 2091 776 2157 ad
795 2091 1006 2160 differentiam
1026 2094 1124 2164 medii
1149 2109 1184 2167 et

124 2187 274 2272 minimi·
311 2203 466 2280 Minimus
496 2213 600 2272 autem
630 2203 723 2274 huius
752 2205 931 2277 medietatis
960 2210 1116 2279 terminus
1134 2211 1184 2295 ,ut
1230 2210 1233 2220 '

105 2359 106 2362 =
125 2319 210 2387 maior
229 2319 292 2387 isoc'
314 2339 444 2388 numero
462 2333 627 2404 500000,
1039 2330 1041 2347 ¹
1257 2310 1261 2319 ’

189 2470 337 2566 inuenies
363 2495 476 2580 uiginti
505 2515 653 2590 numeros
686 2499 858 2585 quadratos
884 2498 1069 2586 qui-omnes
1094 2497 1184 2568 fimul

126 2607 209 2678 iuniii
234 2609 422 2698 quadratum
443 2631 539 2678 unum
563 2608 760 2694 constituant,
780 2631 928 2681 numerus
949 2624 1053 2683 autem
1075 2634 1184 2684 eorum
1227 2610 1232 2623 ‘

125 2723 153 2791 st
172 2717 265 2794 maior
287 2729 350 2794 hoc
375 2745 506 2826 numero
529 2741 690 2813 3ooooct
1217 2712 1220 2716 ’

193 2909 240 2974 De
274 2903 366 2973 cubis
394 2914 497 2972 autem
519 2905 677 2992 quotlibet
702 2905 819 2975 cubum
843 2925 940 3000 unum
969 2905 1185 2988 constituenti·

126 3017 176 3112 bus
203 3018 281 3088 nihii
309 3037 490 3104 proponere
519 3019 653 3122 decrcui
677 3032 812 3108 propter
842 3017 1025 3090 immensum
1052 3023 1123 3089 fere
1140 3025 1185 3090 la·

126 3130 223 3204 borcm
238 3125 281 3202 ‘in
305 3151 342 3199 er
363 3131 604 3220 inuestigatione
621 3152 837 3217 numerorum

194 3311 277 3380 Tres
304 3313 378 3382 socii
407 3323 530 3400 ponunt
559 3313 646 3390 simul
669 3315 713 3389 80
742 3311 873 3380 ducatos
900 3331 973 3382 cum
994 3311 1110 3400 quibos
1133 3310 1186 3383 lu·

126 3435 239 3492 crentur
267 3441 314 3490 20
330 3427 490 3506 ducator.
532 3431 669 3516 quorum
695 3417 818 3512 primus
840 3430 958 3515 recipit
976 3448 1035 3517 pro
1059 3427 1186 3516 captati

126 3533 171 3605 suo
198 3551 228 3608 et
251 3543 343 3612 lucro
378 3556 425 3628 24
450 3540 642 3613 secundus
633 3554 709 3610 rtem
729 3562 789 3629 pro
802 3537 938 3630 cepiteli
963 3553 997 3612 ct
1019 3545 1108 3612 lucro
1129 3541 1185 3613 suo

128 3666 163 3738 33
190 3657 301 3725 tertius
325 3677 402 3725 uero
430 3677 490 3746 pro
519 3659 645 3745 capitoli
670 3667 703 3724 et
723 3659 813 3723 lucro
838 3641 898 3740 43.
930 3657 1064 3753 pecunia¹
1087 3659 1186 3748 primi

126 3763 192 3836 socii
215 3767 281 3840 stat
299 3784 366 3840 tres
388 3770 519 3855 menses,
544 3771 674 3842 secundi
694 3767 865 3855 quinque.-
879 3770 967 3837 tertii
988 3791 1067 3844 ueto
1086 3774 1186 3844 unde·

127 3878 180 3947 cim
209 3879 343 3955 menses
405 3887 560 3976 Queritur
594 3895 711 3974 qutmr
744 3882 844 3954 tuerit
874 3886 1011 4000 pecunie
1043 3886 1186 3979 capitosis

126 3994 359 4110 miseratusque
379 3997 545 4124 sociorum.

619 4133 767 4225 Νς,
858 4169 862 4178 -
959 4103 987 4169 Ἰ
1104 4099 1283 4206 Cttre'¹
