2950 5092
337 473 492 563 EPIST.
519 462 944 556 REGIOMONTANIL
1128 480 1174 559 89

137 693 181 742 ae
205 690 225 757 g
251 678 282 739 et
304 670 458 738 medietas
487 669 634 756 eclipticc
658 665 852 738 descendens
876 667 939 732 be
967 665 990 733 d
1017 667 1126 753 itaque
1153 662 1176 730 b
1227 637 1253 681 '¹

136 804 211 875 caput
228 788 339 875 cancri,
364 806 383 851 e
401 786 528 854 initium
548 786 631 853 libre
652 784 728 874 etd
749 781 926 866 capricorni
947 780 1088 849 existant.
1122 781 1177 849 Sic

134 906 199 969 enin
217 906 344 987 figuram
363 902 476 986 aptari,
500 904 589 969 locus
608 898 708 980 stelle,
729 896 854 985 quiesi
873 897 906 964 in
925 896 983 961 hoc
1008 899 1178 967 medietate
1228 942 1233 946 -

136 1020 272 1103 ecliptice,
296 1028 413 1085 monet.
455 1016 547 1083 Polus
571 1015 683 1085 rnundi
698 1013 841 1081 'borealis
866 1014 901 1080 sit
926 1034 964 1095 z,
985 1017 1078 1099 polus
1104 1014 1179 1081 ecli-

132 1132 201 1211 ptice
220 1134 248 1203 h.
285 1128 374 1196 stella
400 1133 434 1197 ut
464 1129 499 1196 in
523 1151 543 1195 o
563 1130 681 1216 punito
713 1149 774 1215 per
803 1146 897 1213 quern
928 1138 960 1193 ct
979 1127 1060 1194 duos
1087 1130 1179 1211 polos
1289 1218 1293 1227 .

131 1246 269 1328 prediilos
309 1245 458 1314 incedant
490 1265 581 1313 arcus
617 1247 808 1313 circulorum
842 1259 1026 1324 magnorum
1051 1262 1072 1307 z
1097 1245 1120 1335 1Ι
1147 1254 1180 1309 ct

130 1359 301 1448 hokipsr
325 1361 456 1446 quidem
476 1361 622 1446 cquatori
653 1359 688 1427 in
722 1348 847 1446 p‘unsiis
873 1361 884 1425 l
917 1372 949 1425 et
975 1361 997 1423 k
1029 1358 1180 1442 ecliptice

129 1487 171 1537 aut
193 1472 222 1540 in
243 1473 372 1561 punitis
390 1494 423 1541 ιιι
444 1486 516 1549 etn
535 1474 724 1544 incidentes.
785 1470 1041 1569 Constatitaque
1070 1494 1091 1539 n
1120 1470 1181 1539 esse
1206 1504 1214 1511 ·

129 1590 215 1655 locuni
232 1610 346 1657 uerum
370 1586 457 1656 stelle
481 1588 516 1654 in
535 1570 713 1671 ecliptica,
727 1599 759 1653 et
779 1586 813 1653 in
842 1586 992 1671 punslum
1019 1607 1091 1653 curn
1117 1607 1180 1672 quo

128 1706 213 1769 celum
232 1702 362 1773 mediat.
384 1724 446 1789 que
471 1703 537 1769 duo
558 1700 673 1789 punita
702 1699 775 1768 sunt
803 1701 876 1768 data
897 1699 930 1767 in
959 1703 1075 1787 quefito
1105 1722 1178 1768 meo

129 1834 207 1898 quun
226 1814 416 1903 arcus'quos
439 1817 610 1885 terminant
630 1816 697 1882 dati
721 1818 787 1883 tint.
830 1816 900 1883 Vos
923 1828 1028 1883 autem
1048 1815 1182 1903 respon·

126 1929 214 1995 dendo
242 1944 275 1999 et
301 1933 482 2027 peroptime
518 1929 671 1997 soluendo
710 1930 863 2008 dubium,
899 1930 1044 2019 accipitis
1076 1952 1184 1999 arcum

127 2046 269 2126 eantoris
301 2048 354 2132 qui
377 2048 461 2113 inter
482 2056 580 2132 caput
611 2044 721 2111 arietis
747 2058 779 2113 et
799 2044 950 2129 plaustum
968 2049 993 2112 k
1015 2050 1184 2129 clauditur,

128 2176 186 2223 eun
217 2163 339 2227 uocatis
374 2162 515 2227 radicem
553 2173 585 2225 et
620 2156 803 2226 subtrahitis
830 2180 871 2224 ex
899 2157 1070 2229 ascensione
1099 2158 1204 2241 retia?

124 2269 322 2356 respondente
342 2275 431 2341 arcui
453 2273 602 2358 ecliptice
625 2276 667 2343 ad
687 2272 841 2359 punsium
865 2296 898 2341 ιιι
912 2310 991 2355 -,
1030 2276 1186 2363 quicquid

125 2384 239 2456 ascensio
275 2391 362 2458 inter
396 2388 522 2456 initium
549 2387 658 2455 arietis
692 2400 725 2454 et
755 2386 907 2474 punuum
937 2393 948 2455 l
980 2394 1186 2475 comprehen-

124 2502 221 2587 ditur,
261 2516 298 2574 et
327 2505 520 2590 relinquitur
546 2504 638 2570 uobis
664 2522 755 2567 arcus
780 2504 791 2567 l
816 2504 848 2568 k.
882 2502 976 2577 huius
1004 2523 1094 2573 arcus
1122 2512 1133 2575 l
1162 2510 1186 2573 k
1227 2518 1232 2525 '

124 2616 177 2683 inu
200 2620 321 2688 utimur
352 2621 385 2685 in
409 2619 604 2705 operatione,
650 2618 749 2684 Nunc
769 2615 865 2695 dico,
890 2619 951 2685 sruc
982 2623 1048 2686 duo
1070 2622 1187 2709 punila

125 2746 150 2795 ιι
172 2747 201 2800 er
224 2758 246 2803 ιι
271 2736 411 2815 dentur,
446 2734 509 2799 siue
535 2738 614 2798 alter
641 2752 767 2810 eorum,
798 2742 901 2799 tamen
923 2736 1016 2801 uerbi
1043 2738 1143 2821 gratia
1153 2756 1187 2806 ἰι
1271 2709 1292 2722 υ

123 2866 185 2915 cun
200 2851 373 2922 latitudine
400 2847 489 2915 stelle
516 2869 579 2933 que
604 2846 648 2913 cst
670 2868 760 2914 arcus
782 2868 803 2914 n
835 2869 864 2915 e.
897 2868 956 2933 per
985 2830 1084 2918 aliam'
1104 2855 1216 2923 uiam.
1274 2936 1277 2943 Ι

123 2964 247 3047 reperiri
275 2963 365 3049 posse
386 2947 613 3031 declinationes
639 2960 727 3030 stelle
754 2962 787 3029 in
807 2982 826 3029 o
847 2964 1025 3047 ‘exeuntia
1071 2980 1103 3035 et
1123 2988 1188 3037 non

122 3080 204 3145 nodo
225 3100 290 3165 per
317 3098 430 3158 unam,
458 3076 514 3144 sed
546 3080 735 3165 perplures
758 3096 889 3161 quarunt
911 3080 976 3147 due
999 3102 1083 3151 nunc
1107 3084 1187 3151 inci·

121 3192 191 3261 dunt
212 3196 337 3276 medio,
358 3204 401 3263 ut'
413 3194 448 3261 in
467 3194 585 3281 quibus
609 3212 715 3279 neque
735 3212 826 3260 arcus
848 3194 860 3257 l
884 3196 909 3258 le
931 3214 1037 3280 neque
1057 3198 1188 3267 knne·
1278 3195 1283 3204 “

123 3309 256 3378 cessarius
285 3308 345 3377 est.
392 3308 479 3375 Nam
502 3308 538 3375 lit
557 3287 665 3395 ,primo
688 3308 782 3375 datus
811 3306 946 3393 punitus
968 3330 1008 3386 n,
1038 3312 1127 3419 locus
1152 3302 1211 3411 sit„¹

121 3442 206 3492 uerus
230 3422 325 3491 stelle
346 3422 380 3489 in
400 3422 569 3519 ecliptica,
606 3445 677 3491 curn
699 3423 867 3491 latitudine
888 3443 910 3489 n
934 3442 971 3503 o,
997 3433 1029 3489 et
1053 3426 1189 3494 uelimus

121 3535 257 3607 inuenire
269 3539 515 3607 declinationem
530 3539 618 3609 stelle
629 3560 736 3607 arcum
752 3538 871 3606 scilicet
889 3540 943 3610 lo.
965 3538 1019 3607 Sic
1033 3542 1190 3624 agendum

122 3654 168 3718 cll.
194 3677 270 3725 curn
293 3679 312 3721 e
336 3656 371 3723 fit
391 3658 484 3741 polus
505 3658 606 3725 coluri
626 3659 687 3725 ab
712 3658 831 3741 gdut
853 3675 893 3723 ex
914 3656 1017 3740 primo
1037 3652 1189 3727 Theodo-

121 3767 209 3856 ΕΗ)
230 3773 277 3841 de
304 3768 426 3857 spheris
447 3768 576 3852 constat,
600 3769 771 3840 descendat
796 3750 896 3839 exeo
919 3769 1147 3857 perperaum
1169 3795 1190 3841 o

637 3887 706 3971 Ἐς
1043 3942 1046 3947 .
1112 3911 1191 3977 qua·

146 4002 174 4072 ')
192 4002 336 4055 Theodosii
355 3997 493 4073 Tripoliiae
512 4001 655 4076 Σφιιιςικωι
671 4004 758 4057 [ciros
777 4011 813 4057 111
834 4000 916 4055 edidit
932 4003 1035 4071 ριΙιιιιιιιι
1053 4020 1142 4072 gruere
1163 4021 1190 4060 er

182 4102 232 4154 iata
249 4105 315 4162 ioh.
330 4110 402 4168 Pena,
423 4107 498 4166 Poris,
519 4120 591 4175 1557.
609 4119 642 4171 4.
681 4102 764 4157 Solam
790 4098 852 4153 trees.
876 4104 976 4155 latinam
1002 4106 1097 4174 optime
1118 4104 1188 4159 dedis

180 4201 282 4259 isracns
299 4207 414 4271 onnon,
433 4223 489 4262 cun
507 4208 635 4278 Apollonii
654 4206 766 4273 cericis3
786 4202 899 4269 londini,
919 4208 993 4275 ¹⁶75·
1011 4218 1040 4273 4,
1110 4220 1113 4227 ’
