2950 5092
405 489 563 604 n‘rrsr.
588 516 887 612 sinuentur.
915 522 940 587 ·.·
1013 458 1019 474 ’
1105 540 1184 615 ιη

137 718 166 785 td
182 714 313 786 tnttnm
332 716 495 788 intentur
518 706 670 799 numerus
698 716 839 793 cutiens,
860 735 924 801 que
945 714 1089 801 operatio
1109 711 1184 782 illis·

136 836 230 917 quibus
258 832 448 905 liboriosum
472 831 549 901 essct
570 832 785 917 multiplicare
820 845 854 899 ct
878 832 1058 926 diuidere„
1073 830 1184 900 facilis

134 951 265 1018 redditur.
289 970 353 1017 non
378 950 453 1033 dico
473 948 516 1015 dc
540 946 688 1035 capitulis
712 950 890 1017 tabularum
914 932 1176 1032 mearumffqrps

135 1064 235 1130 uidistis
257 1062 358 1147 grosso
382 1064 478 1131 modo
499 1064 695 1151 compositas,
719 1040 986 1133 tamen'fideiitet
1013 1056 1178 1149 composui

135 1178 278 1247 etcotidie
298 1180 374 1247 alias
397 1179 461 1246 illis
479 1178 629 1265 adiungo,
657 1180 745 1267 quod
765 1178 981 1265 operationem
1001 1178 1086 1247 illam
1111 1180 1195 1244 ual·'

132 1294 164 1357 de
181 1294 422 1364 indeletlcbilcm
441 1294 704 1381 occupationibus
722 1294 803 1363 meis
823 1294 1001 1366 remedium
1021 1294 1177 1380 optimum

132 1407 246 1478 inuenio.
386 1484 395 1500 ,
667 1496 670 1502 .

181 1526 386 1596 lndccifione
406 1525 516 1615 qoelti
537 1520 634 1593 uestri
655 1525 730 1593 alias
754 1546 814 1611 per
844 1546 896 1595 me
924 1525 1022 1607 facia,
1048 1525 1175 1611 quendo
1238 1561 1242 1569 ·

130 1638 184 1706 diri
214 1640 296 1711 llella
340 1664 405 1730 quc
437 1639 655 1729 presuppolita
697 1638 764 1709 era't
802 1642 837 1709 in
874 1663 924 1727 gr.
955 1658 977 1727 9
1013 1643 1089 1709 ntin.
1131 1654 1185 1724 ις.

130 1754 209 1821 leonis
235 1756 375 1823 mediare
402 1761 507 1825 celuin
531 1756 565 1824 in
589 1774 642 1841 gt,
671 1775 717 1821 20
743 1758 820 1827 min.
852 1774 896 1844 37
923 1756 1076 1842 uirginis,
1104 1756 1177 1823 dixi

129 1865 194 1961 illam
215 1875 373 1940 declinare
399 1873 441 1938 ab
466 1870 615 1957 ecliptica
634 1892 696 1959 per
716 1868 1176 1954 latitudinisseptemtrionalis

130 1984 223 2062 gradus
244 2003 286 2071 57
309 1986 430 2053 minuta
453 1975 472 2049 2'
497 1999 530 2053 et
555 1988 595 2054 ab
622 1985 823 2075 equinosliali
848 2008 908 2073 per
933 1986 1177 2053 declinationem

129 2114 164 2175 tr.
184 2093 224 2183 69
253 2102 329 2168 min.
360 2103 418 2187 38.
444 2102 466 2167 st
491 2114 598 2169 autem
621 2104 690 2170 dixi
713 2096 764 2186 g'r.
791 2099 838 2187 ⁶9
865 2101 940 2172 min.
965 2117 1008 2187 35
1040 2096 1102 2169 stne
1124 2122 1176 2165 er-

129 2230 170 2273 ror
189 2217 302 2283 calami.
356 2218 508 2285 Scd'hob
526 2237 590 2285 non
612 2238 708 2297 curo,
748 2238 810 2303 quo
831 2218 883 2284 stm
916 2228 1020 2284 autem
1045 2215 1177 2284 anobis
1258 2204 1263 2217 ’

128 2324 202 2411 ipat
216 2331 310 2399 alium
330 2336 482 2401 calculum
502 2334 674 2401 declinatio
691 2329 759 2419 ipsa
779 2330 1000 2401 inueniebattrr
1020 2330 1177 2397 difformis

128 2441 157 2505 ab
174 2442 240 2525 ista,
266 2468 324 2514 uos
346 2461 452 2515 autem
469 2449 534 2515 intr
547 2482 599 2500 --
619 2449 641 2514 st
662 2468 721 2533 per
742 2446 836 2543 aliu'm
858 2450 1012 2514 calculum
1028 2426 1176 2531 perscru·
1211 2468 1219 2477 ‘

128 2554 173 2618 tari
186 2559 279 2641 posset
297 2564 469 2651 declinatio
485 2557 563 2650 ipsa,
595 2578 628 2630 ct
644 2563 802 2630 subtiliter
817 2563 942 2648 priores
956 2564 1057 2647 figure
1076 2561 1177 2659 seilo-
1296 2600 1298 2608 ·
1316 2538 1326 2545 ⁸

127 2668 159 2733 ris
178 2672 448 2744 demonstrationes
472 2678 655 2745 notabiliter
673 2658 808 2744 et'bene
827 2676 925 2763 ipsam
951 2676 1178 2769 conclusionem
1266 2710 1273 2725 ·

129 2786 295 2858 tentando
321 2790 485 2859 decidistis
507 2791 719 2859 eandem-esse
744 2790 1015 2872 declinationem,-
1043 2804 1074 2859 et
1090 2792 1111 2859 ti
1130 2792 1179 2859 in·

127 2904 282 2973 tentionem
297 2906 408 2991 quesiti
420 2907 483 2973 mei
499 2908 679 2993 exprimere
698 2927 762 2973 non
779 2904 875 2985 ualui,
901 2895 1053 2986 modestie
1074 2887 1182 2975 {restrc'

126 3016 284 3100 rotimum
301 3020 410 3108 queso,
443 3042 516 3089 nam
531 3021 594 3088 scio
612 3020 700 3106 quod
717 3036 776 3104 per
795 3020 905 3104 plures
923 3032 955 3087 et
976 3020 1058 3106 quast
1074 3021 1178 3089 infini-

126 3138 162 3194 tas
181 3134 456 3204 demonstrationes
477 3136 594 3205 ueritas
613 3132 760 3208 clucescit
783 3131 1015 3227 et‚specialiter
1037 3158 1097 3225 per
1121 3139 1178 3205 de·

125 3244 341 3319 nonstntiones
357 3236 421 3339 que
433 3274 493 3339 per
509 3254 642 3334 figuram
657 3247 785 3315 scituris
798 3248 1058 3317 demonstrantur.
1091 3254 1178 3324 Nam
1191 3239 1200 3253 Ν

126 3351 275 3433 intrabam
288 3387 385 3453 quem
398 3365 442 3435 de
453 3365 583 3431 floribus
592 3361 750 3444 almagesti
764 3363 932 3441 construxi,
950 3364 1094 3434 concluse
1107 3366 1179 3455 sunt

128 3483 182 3553 ¹50
192 3477 314 3548 diuerse
328 3479 551 3569 proportiones
565 3498 607 3545 ex
623 3479 740 3564 quibus
754 3498 815 3547 una
824 3500 864 3545 ex
877 3472 1000 3548 duabus
1013 3482 1081 3550 aliis
1094 3506 1180 3553 com.

124 3588 250 3674 ponitur,
276 3618 341 3665 non
354 3596 428 3665 dico
448 3596 490 3663 de
508 3596 610 3679 figura
623 3593 657 3661 in
676 3590 793 3679 scripta
810 3616 869 3679 per
888 3606 945 3664 trus
959 3596 1179 3683 magistralite'r

124 3698 243 3789 lineata,
276 3731 349 3779 cum
368 3713 452 3778 linea
470 3729 488 3777 a
511 3721 629 3775 centro
647 3709 747 3793 coluri
766 3730 825 3796 per
843 3723 985 3781 centrum
997 3711 1084 3795 stelle
1100 3738 1179 3802 pro·

124 3814 220 3899 tutia,
255 3834 288 3893 et
311 3824 530 3893 concludendo
549 3822 657 3891 dicitis
676 3822 764 3909 quod
779 3827 943 3912 pr'oporlio
971 3848 989 3895 e
1012 3830 1092 3907 bad
1110 3832 1141 3913 b.
1155 3854 1178 3904 n

124 3937 305 4018 componitur
338 3958 379 4005 ex
423 3940 687 4025 proportionibus
723 3960 742 4006 e
774 3962 797 4009 x
824 3942 865 4010 ad
897 3962 920 4010 x
955 3966 993 4027 o,
1044 3940 1123 4013 et¹o
1155 3928 1190 4013 lr'

123 4046 155 4110 td
174 4048 195 4113 h
217 4072 249 4132 n,
301 4052 374 4121 dico
403 4062 496 4124 etiam
524 4057 612 4143 quud
643 4063 811 4143 proportio
837 4080 855 4125 e
879 4080 902 4125 x
929 4061 970 4127 ad
995 4081 1018 4129 x
1043 4082 1063 4127 o
1088 4082 1176 4127 com·
1222 4032 1227 4043 Ι
1277 4142 1281 4151 ‚

124 4168 236 4241 tunm
263 4184 304 4237 ex
330 4173 587 4258 proportionibus
609 4174 641 4241 ‘h
669 4174 756 4245 ned
786 4196 805 4243 o
831 4174 906 4243 het
935 4190 952 4243 e
979 4178 1066 4275 bad
1094 4177 1117 4241 b
1143 4194 1177 4245 n.
1268 4164 1274 4173 ’

1095 4293 1177 4361 lte'm
1232 4328 1235 4337 2
