2950 5092
307 401 375 547 ma
560 449 812 538 umrromr.
839 415 968 534 nem
994 456 1119 542 uon.

236 619 244 658 “
299 645 412 734 pruna
438 645 539 714 maior
562 647 778 736 coronaripta
794 647 1044 738 superpartiente
1068 656 1182 724 decem
1206 655 1355 745 septorge

300 759 514 848 limasprimas.
552 785 617 832 non
645 779 749 839 tamen
774 766 834 834 hec
858 765 904 836 est
924 788 1001 840 uera
1024 772 1194 860 proportio
1215 770 1270 842 sed
1288 772 1354 842 ueri·

300 875 359 944 tati
383 878 566 966 propinqua
589 877 672 954 satir.
1305 886 1315 894 ’

415 1093 548 1164 Iubetur
574 1096 705 1184 septimo
726 1099 876 1184 angulum
894 1099 951 1185 qui
969 1096 1125 1190 est'tertia
1146 1119 1220 1188 pare
1236 1099 1359 1170 ‹luomm

298 1199 483 1290 rellorum,'
502 1212 608 1281 diuidi
632 1214 666 1282 in
686 1227 751 1282 tres
774 1218 912 1301 equales.
955 1212 1025 1284 sunt
1045 1217 1128 1284 certi
1153 1215 1242 1284 modi
1266 1215 1300 1282 it
1322 1217 1359 1281 ia·

267 1404 273 1414 „
299 1323 407 1394 ciendi
427 1345 562 1410 quorum
584 1347 680 1395 unum
700 1329 837 1396 adduco.
880 1329 931 1398 Sit
954 1329 992 1412 *)
1019 1306 1151 1414 angulus
1171 1332 1195 1398 b
1216 1353 1234 1398 a
1258 1347 1361 1414 cqua-

295 1436 337 1504 lis
359 1434 547 1526 supponitur
566 1444 690 1510 duabus
717 1445 810 1512 lineis
832 1465 850 1510 a
875 1445 899 1512 b
921 1453 953 1510 et
973 1463 991 1510 a
1012 1435 1032 1505 cx
1053 1445 1221 1529 equalibus
1244 1455 1362 1512 conten·

297 1563 364 1620 tus.
393 1550 485 1645 supra
507 1557 596 1629 cuius
618 1559 740 1628 uertice
768 1581 786 1626 a
811 1559 894 1628 fatto
916 1554 1026 1626 centro
1051 1557 1198 1626 describo
1220 1560 1360 1625 circulum

295 1665 320 1737 b
346 1689 363 1734 c
385 1672 445 1738 ue
478 1668 650 1740 secundum
674 1694 692 1740 a
716 1675 740 1742 b
761 1675 795 1740 in
823 1675 913 1742 cuius
946 1673 1204 1742 circumferentia
1229 1673 1361 1758 reperie-

294 1791 349 1850 tur
373 1783 506 1868 puncius
533 1809 562 1870 c,
588 1794 744 1874 prolonga
766 1787 1033 1858 semidiametrum
1052 1788 1076 1854 b
1098 1808 1117 1854 a
1136 1789 1239 1856 donec
1263 1791 1359 1854 futura

293 1897 451 1978 diameter
471 1917 616 1971 occurrat
637 1905 893 1972 circumferentie
916 1904 1030 1976 ciram
1053 1903 1087 1970 in
1112 1905 1146 1972 k.
1161 1900 1257 1988 super
1275 1922 1360 1990 quam

294 2034 336 2081 ex
349 2029 458 2084 centro
475 2039 493 2085 a
513 2020 696 2100 egrediatur
710 2021 936 2102 orthogonialis
947 2013 1359 2086 adsemidiametercirculi.

289 2127 437 2215 intelligo
457 2134 576 2201 deinde
590 2134 706 2201 lineam
727 2134 844 2200 retiam
868 2134 1026 2218 quandam
1046 2131 1210 2200 terminari
1231 2134 1272 2199 ad
1288 2150 1359 2215 pun·

293 2245 378 2312 [lum
400 2267 418 2310 c
434 2247 598 2316 indefinite
614 2247 796 2333 quantitatis
818 2245 1113 2330 exponerentur.
1138 2248 1232 2315 Hanc
1253 2249 1359 2314 lineam

289 2358 436 2442 intelligo
463 2365 586 2430 moueri
609 2343 693 2430 circa
714 2361 865 2448 punllum
887 2383 906 2426 c
926 2361 1101 2442 immotum,
1120 2359 1256 2455 secando
1278 2361 1359 2429 semi·
1383 2408 1384 2411 ,

288 2475 478 2544 diametrum
500 2499 517 2544 a
537 2480 560 2546 d
580 2491 644 2547 tarn
669 2479 725 2546 diu
747 2497 840 2562 quam
861 2477 966 2562 portio
993 2474 1076 2543 linee
1101 2490 1187 2546 mote
1209 2477 1295 2546 inter
1319 2475 1335 2540 s
1357 2456 1385 2517 «¹

286 2591 520 2662 midiametrurn
547 2615 566 2660 a
589 2595 613 2662 d
639 2603 671 2658 et
697 2584 986 2658 circumferentiam
1011 2591 1123 2660 circuli
1151 2591 1263 2674 uersus
1282 2589 1359 2660 smis-

237 2753 242 2766 .
286 2717 368 2773 tram
393 2707 571 2796 intercepta
601 2709 636 2776 lit
665 2705 787 2794 equalis
819 2704 1052 2773 semidiametro
1066 2709 1193 2787 ,circuli
1219 2730 1239 2776 a
1262 2711 1299 2778 d.
1329 2708 1359 2774 srt

231 2913 235 2920 ἢ
287 2838 365 2904 ergo
381 2821 423 2890 ¹iu
448 2797 510 2889 ho'e
537 2825 593 2892 srtu
618 2841 640 2908 g
666 2843 684 2888 e
713 2823 819 2908 portio
846 2818 1027 2888 huiusmodi
1055 2822 1175 2909 equalis
1200 2825 1261 2909 ipfi
1286 2845 1305 2890 a
1329 2821 1384 2912 d·

285 2951 340 3006 aut
373 2959 433 3024 per
461 2938 590 3006 modum
613 2933 758 3004 Arbacen
787 2937 958 3022 inrquinto
990 2935 1191 3023 perspefflue
1218 2937 1275 3009 sue
1305 2939 1358 3006 ubi

282 3052 435 3142 punitum
464 3055 644 3140 reflexionis
669 3054 703 3120 in
727 3051 863 3140 speculis
889 3050 1044 3143 sqrhericis
1070 3053 1287 3122 determinare
1306 3056 1359 3120 do·

283 3183 347 3248 cet,
372 3191 389 3234 a
410 3168 527 3256 punito
553 3191 582 3248 c,
606 3168 680 3235 data
704 3168 737 3234 in
764 3167 1020 3234 circumferentia
1039 3169 1174 3237 ducatur
1196 3169 1232 3236 in
1259 3170 1358 3236 circu·

280 3287 315 3354 lo
335 3286 358 3350 b
380 3286 446 3352 cd
478 3306 497 3350 c
529 3285 627 3350 corda
653 3303 671 3346 e
704 3302 726 3366 g
754 3284 845 3350 cuius
870 3303 945 3371 pars
964 3271 1055 3349 vinter
1081 3303 1101 3348 a
1125 3285 1149 3352 d
1173 3287 1358 3370 positionem

281 3398 387 3468 datam
410 3411 442 3466 et
465 3397 753 3468 circumferentiam
781 3397 893 3465 circuli
913 3399 1090 3484 intercepta
1117 3399 1152 3466 tit
1173 3402 1300 3486 equalis
1317 3400 1359 3466 le·

279 3515 480 3585 midiametro
505 3535 522 3581 a
546 3515 580 3588 d.
607 3533 670 3600 quo
694 3510 774 3580 fado
797 3533 838 3579 en·
857 3513 976 3599 pundo
997 3536 1016 3580 e
1036 3515 1159 3584 oriatur
1177 3518 1280 3584 corda
1303 3513 1357 3582 eh

274 3628 386 3720 ¹secans
406 3630 594 3698 diametrum
615 3629 727 3696 coculi
746 3629 820 3695 ok
844 3629 1105 3712 orthogonialiter
1124 3629 1159 3697 in
1185 3631 1310 3715 purilio
1333 3634 1356 3708 1,

278 3742 438 3828 doliaque
458 3745 611 3844 diametro
633 3742 745 3814 circuli
765 3745 870 3830 per2h
884 3745 1036 3830 punctum
1051 3764 1116 3831 quc
1130 3745 1166 3814 fit
1179 3745 1202 3810 h
1216 3769 1265 3830 rn,
1292 3745 1358 3834 ipsa

277 3857 404 3926 diuidet
416 3861 565 3940 mgulum
577 3859 600 3925 b
614 3879 633 3925 a
649 3879 667 3924 c
681 3859 715 3930 in
726 3861 808 3960 dnos
821 3859 969 3946 paitiales
983 3860 1005 3927 b
1018 3879 1037 3928 a
1049 3879 1083 3929 m
1096 3871 1130 3928 et
1141 3881 1175 3932 ru
1189 3881 1210 3930 a
1224 3885 1258 3948 c,
1279 3884 1358 3952 qno·

1288 3997 1359 4050 rum

306 4117 339 4193 3)
354 4119 413 4180 rm.
430 4119 494 4182 rou
510 4129 535 4186 a.
551 4117 606 4189 rie·
618 4123 694 4186 xm
