2950 5092
268 499 370 614 “er
552 454 1114 621 ommorrrmerrmrom

294 716 366 777 ’rem
391 706 484 775 animi
505 705 552 777 sui
573 704 770 795 perspellam
797 707 985 777 habueritis.
1028 718 1059 775 et
1092 708 1113 775 sr
1148 726 1276 795 quoque
1303 718 1378 779 ten·

168 864 174 879 .
298 834 367 892 tare
392 844 449 891 nos
474 823 595 906 uidear,
620 823 730 891 ridere
752 825 882 911 quidem
902 824 1014 893 licebit
1043 824 1303 909 irreptionem,
1332 845 1378 891 ex

298 938 416 1006 fiducia
439 950 565 1020 autem,
599 960 692 1027 quam
727 957 803 1023 erga
835 938 1080 1008 dominationem
1111 937 1244 1007 uestram
1275 956 1378 1023 gero,

298 1051 519 1120 huiuscemodi
539 1074 664 1122 manare
689 1054 893 1125 estimandum
915 1053 970 1122 est.
1013 1056 1103 1121 Hanc
1125 1051 1208 1122 ebim
1229 1052 1306 1121 mihi
1329 1053 1381 1120 as·

297 1162 409 1251 sumpsr
436 1166 594 1235 licentiam
616 1170 803 1257 exscriptis
830 1170 958 1253 uestris,
984 1170 1042 1238 ubi
1064 1170 1147 1265 inter
1172 1170 1250 1236 bina
1274 1170 1383 1236 inter·

298 1295 408 1368 rogata
430 1280 553 1350 uestra:
593 1296 694 1365 tento,
721 1287 849 1368 dicitis,
886 1300 919 1355 ut
946 1284 1095 1353 tenteris:
1152 1286 1280 1352 Vocare
1317 1304 1385 1365 po-

298 1398 621 1493 teritistentationem
643 1420 702 1487 pro
728 1398 830 1467 uestra
856 1399 1051 1479 auslorita'te,
1079 1420 1138 1484 ego
1165 1412 1268 1467 autem
1289 1400 1385 1465 fidu·

154 1560 162 1575 .
266 1528 271 1535 ·
299 1516 350 1581 cie
370 1534 485 1581 nemen
509 1514 585 1583 huie
608 1516 692 1583 dabo
718 1514 933 1603 postulationi.
983 1516 1048 1585 Sed
1074 1536 1114 1583 ne
1141 1536 1223 1603 equo
1249 1513 1385 1583 diutius

296 1627 523 1709 detineamini,
557 1632 598 1697 erl
634 1644 728 1719 cepte
766 1630 869 1697 nolim
902 1629 1054 1697 exercitia
1091 1626 1284 1695 ueniendum
1313 1626 1386 1695 est.

168 1730 209 1765 ⁸*
299 1743 399 1835 Quoel
423 1742 554 1823 tardius,
583 1764 677 1829 quam
702 1742 867 1833 sperabam
896 1747 1013 1813 litteris
1035 1743 1112 1811 meir
1133 1740 1388 1827 responderitis,

276 1858 354 1925 'etsr
376 1856 539 1925 molestum
559 1860 653 1926 ualde
672 1859 751 1925 mihi
773 1862 871 1927 fuerit
891 1854 955 1927 mei
977 1870 1129 1946 exparte
1151 1858 1207 1943 qni
1228 1866 1290 1923 tem
1313 1856 1355 1921 di
1362 1878 1388 1925 u

297 1972 418 2041 litteras
452 1972 570 2041 uestras
602 1970 871 2041 desideratillrmar
908 1975 1055 2059 accipere
1089 1966 1154 2047 no'n
1181 1970 1390 2044 debuerimt

297 2090 401 2169 longe·
424 2100 529 2155 tamen
561 2085 725 2155 molestior
756 2089 819 2155 imo
851 2090 1050 2159 intolerabile
1074 2087 1174 2154 uisum
1203 2083 1329 2166 suisset,
1364 2090 1389 2153 sr

296 2202 386 2269 more
411 2199 514 2268 uollre
536 2193 839 2275 cauilam'senlrssem.
879 2204 1098 2273 Vehementer
1121 2197 1204 2265 enim
1224 2217 1275 2264 me
1296 2219 1389 2267 corr·

297 2315 451 2384 turbasset
471 2319 551 2383 mela
576 2290 679 2383 uestit
706 2316 857 2383 ualetudo
883 2328 978 2403 etque
1008 2317 1157 2395 morbus,
1185 2316 1241 2399 qul
1266 2322 1298 2379 et
1323 2334 1390 2399 pa·

286 2440 381 2508 ,trem
401 2427 553 2505 familias,
580 2442 612 2495 et
641 2444 739 2499 totam
763 2430 897 2521 insuper.
918 2433 1047 2499 domum
1073 2422 1248 2516 oppressit,
1283 2428 1392 2497 cuius

272 2623 275 2636 Ι
298 2540 411 2615 seuitia
436 2555 586 2629 utquam
607 2541 786 2611 citissimum
812 2544 1032 2627 extinguetur,
1058 2545 1163 2611 eleum
1154 2562 1232 2609 oro
1253 2538 1395 2625 suppli·

299 2661 389 2742 citer
418 2670 451 2724 et
471 2656 565 2743 spero
591 2660 626 2725 id
647 2660 839 2745 propediem
860 2661 969 2739 affore,
996 2680 1058 2742 quo
1086 2650 1347 2725 crebrioribus'
1334 2678 1397 2729 rn-

298 2775 403 2843 uicem
430 2774 547 2859 litteris
571 2772 707 2843 releueri
734 2768 896 2859 possmus.
939 2769 1189 2859 Respondistis
1179 2773 1279 2855 mirer
1308 2784 1397 2857 tane

298 2888 374 2956 dem
401 2902 433 2955 et
456 2889 576 2975 optime
613 2901 645 2955 et
677 2883 881 2969 breuifflne,
914 2886 1031 2955 misrllis
1061 2908 1189 2975 quoque
1227 2896 1396 2975 exempla

298 3024 519 3084 numerorum,
547 3024 626 3090 quos
647 3002 680 3071 in
707 3023 744 3070 en
768 3022 803 3068 re
825 2999 975 3069 habuistis
1005 3000 1211 3081 necessarios,
1236 3002 1320 3069 boni
1357 3020 1396 3077 et

213 3134 217 3141 ·
298 3120 384 3189 dotti
405 3118 605 3207 preceptoris
634 3118 741 3186 officio
774 3118 885 3184 iretur.
912 3112 1067 3199 exemplis
1089 3116 1173 3209 enirn
1196 3117 1290 3185 facile
1322 3120 1396 3186 ‹lo-

299 3232 429 3299 llrinam
454 3233 634 3317 quampiam
666 3228 816 3313 consequi
850 3232 963 3311 datur,
1001 3252 1061 3317 pro
1092 3228 1207 3314 quibus
1242 3222 1396 3314 quantae

197 3354 204 3377 ¹
297 3344 420 3431 polium
439 3343 542 3411 habeo
560 3345 688 3428 gratier.
731 3347 830 3415 Stelle
852 3346 894 3413 de
920 3366 982 3431 qua
1003 3345 1037 3413 in
1057 3342 1160 3431 primo
1188 3343 1310 3441 querito
1339 3352 1395 3417 lo.

299 3478 371 3527 cum
403 3479 513 3527 uerum
539 3460 572 3527 in
599 3459 746 3546 ecliptiee
782 3459 967 3529 reddidistis
992 3461 1026 3527 in
1052 3459 1187 3527 termino
1214 3458 1395 3543 graduum

268 3574 613 3678 '17etmim1tolum
650 3590 693 3659 37
719 3574 820 3643 leonis
859 3590 920 3659 ego
945 3595 1006 3661 pro
1036 3573 1150 3641 tabule
1173 3574 1258 3641 semul
1284 3582 1395 3688 auxip

297 3688 363 3769 lio,
378 3708 464 3755 -nam
488 3688 580 3757 aliam
604 3690 691 3777 apud
715 3711 766 3757 me
796 3690 932 3757 tabulam
964 3687 1066 3755 habeo
1094 3691 1232 3769 nullam,
1263 3685 1394 3765 inueni

296 3823 347 3889 gr.
374 3819 417 3887 17
445 3804 563 3871 minuta
593 3800 892 3891 345D1tlerentie
923 3801 1020 3870 trium
1054 3801 1245 3871 minutorum
1278 3812 1394 3888 paru

296 3916 480 4005 pendenda
546 3919 631 3987 Nam
661 3920 807 4027 operanti
836 3916 914 3988 mihi
945 3938 1008 3985 non
1034 3914 1159 4004 semper
1180 3930 1265 3985 totus
1289 3922 1386 3997 diui

297 4034 422 4106 dendus
442 4034 623 4121 tollebatur,
648 4052 811 4126 quumque
832 4030 927 4108 etiarn
945 4007 1160 4120 multiplicans
1186 4039 1242 4105 auf
1258 3946 1394 4111 maiori

1326 4170 1393 4267 alli
