2950 5092
333 443 938 571 orrannumomotimm
1013 407 1018 422 ’
1075 425 1170 556 '143

196 659 244 717 ti.
265 649 342 718 item
362 633 469 736 paolo
506 647 577 734 post
618 647 814 748 principium
846 648 999 736 eclipseos
1033 647 1176 720 eiusdem

129 770 188 834 dun
206 765 389 850 eclipsantur
405 786 446 834 ex
466 764 620 832 diametro
634 767 709 831 lune
729 776 865 850 truamur
882 765 978 847 digiti
999 775 1031 831 et
1053 779 1098 850 37
1115 766 1175 831 mi·

128 895 194 950 nuta.
215 905 306 968 quero
330 891 444 970 quanta
465 881 500 947 stt
521 882 627 966 portio
654 877 799 968 spherica
815 879 958 977 corporis
979 870 1095 944 lunaiis
1115 885 1175 945 lm·
1204 939 1208 944 .
1311 906 1316 921 ¹

128 993 204 1060 ntersa
232 998 354 1063 umbre.
393 1007 424 1063 ct
449 1009 484 1063 ut
513 997 637 1065 facilius
667 999 720 1068 iat
748 1017 833 1079 pono
865 996 1007 1062 umbram
1038 994 1071 1060 in
1101 998 1173 1061 loco
1209 1039 1212 1049 ·

104 1113 240 1178 ¹trinitus
263 1116 335 1180 lune
355 1111 550 1212 sphericum,
587 1113 666 1180 licet
698 1114 731 1178 in
759 1111 893 1179 ueritate
914 1109 955 1176 =srt
987 1109 1171 1177 conoidalis.

126 1223 285 1294 diametrum
305 1240 411 1298 autem
432 1225 612 1294 huiusmodi
637 1224 750 1314 sphera
780 1223 925 1326 umbroso
950 1223 1083 1291 admitto
1103 1243 1172 1292 eam
1228 1219 1233 1224 ⁴
1262 1235 1275 1250 ⁴

125 1360 173 1425 que
194 1363 229 1410 cx
250 1335 375 1408 tabulit'
389 1340 534 1426 trahitur.
841 1345 845 1352 “

187 1505 233 1555 12·
258 1493 292 1558 ln
306 1491 429 1556 'cadem
453 1489 560 1576 ecliplr
582 1491 661 1560 dum
682 1485 914 1576 eclipsantur·5
942 1485 1037 1570 digiti
1062 1482 1173 1576 sn'per·

124 1601 225 1674 icialcs.
265 1625 364 1690 quero
388 1614 466 1690 quot
479 1603 586 1686 digiti
608 1607 754 1670 luncarcs
780 1600 980 1687 eclipsentur.
1026 1601 1173 1686 Digitum

123 1712 323 1801 superficialem
346 1719 467 1806 optime
490 1715 585 1784 sentia
610 1717 671 1784 eise
696 1719 918 1787 duodecimam
938 1716 1044 1800 partis·
1060 1704 1191 1804 supet·¹

122 1831 188 1898 lciei
206 1835 310 1903 circuli
331 1833 448 1904 lunaris
464 1837 517 1903 uel
537 1830 656 1901 solaris.
697 1833 898 1918 imaginando
919 1843 1088 1920 utrumque
1103 1846 1174 1903 tan·
1261 1814 1264 1833 ¹

123 1963 196 2031 quan
221 1949 384 2022 circulum.

188 2119 297 2204 13.1n
326 2115 389 2180 line
420 2106 561 2180 eiusdem
594 2103 747 2190 eclipseos
763 2083 980 2189 'imaginando
1017 2091 1198 2178 circulum'

121 2245 241 2314 magnum
262 2227 391 2297 tranire
413 2246 472 2313 per
504 2236 612 2291 centra
639 2224 718 2300 irme-
744 2232 777 2286 et
800 2221 930 2301 umbre,
970 2224 1026 2308 qoi
1051 2221 1172 2294 secabit

121 2343 381 2416 circumferentiam
396 2339 547 2408 orizontir
562 2337 637 2440 ueri
656 2334 689 2401 in
703 2332 830 2402 duobus
847 2335 983 2418 punilir.
1006 2359 1105 2423 quero
1121 2342 1171 2409 di·

101 2453 235 2528 1lantian
247 2459 377 2542 alterius
397 2475 506 2524 eorum
521 2443 709 2539 punitorum
724 2471 741 2514 a
761 2447 904 2516 contaiiu
922 2449 1171 2537 meridionalia

121 2574 258 2645 orizontit.
293 2573 349 2640 hic
375 2573 458 2640 enim
475 2566 519 2636 eli
537 2563 674 2654 pontius
703 2565 744 2632 a'd
759 2583 855 2651 quem
874 2565 981 2650 uergit
999 2569 1099 2636 flexus
1120 2579 1170 2638 te.

101 2759 102 2766 ,
121 2690 262 2759 librarum
280 2669 315 2759 in
331 2692 392 2755 tine
416 2681 581 2772 eclipseos.

184 2865 233 2924 li·
256 2851 331 2918 Duo
349 2849 434 2917 lmol
447 2849 642 2916 considerant
661 2843 857 2934 principium
872 2842 1025 2932 eclipseos
1040 2849 1171 2934 lunaria,

120 2981 229 3048 quorum
258 2977 397 3052 uterque
424 2965 459 3031 in
486 2967 558 3058 loco
583 2957 638 3030 suo
670 2971 759 3028 notat
792 2957 991 3029 altitudinem
1017 2963 1111 3033 unius
1137 2979 1171 3036 et

121 3073 234 3150 eiusdem
259 3079 350 3151 stelle
372 3079 446 3146 fixe.
492 3073 613 3162 primus
646 3069 776 3161 quidem
808 3075 931 3162 reperit
968 3075 1171 3152 altitudinem

120 3191 171 3260 eius
184 3217 226 3280 gr.
244 3213 290 3280 27
309 3195 505 3264 minutorum
525 3207 580 3280 13.
601 3190 757 3260 sccundus
776 3213 854 3259 uero
876 3191 1073 3263 altitudinem
1091 3191 1203 3264 ciuit‘
1304 3191 1315 3204 ⁸

101 3283 288 3396 *dampnat
311 3310 504 3378 minutorum
520 3321 576 3392 29.
599 3307 719 3391 primns
738 3307 860 3392 reperit
877 3284 1054 3379 distantiam
1075 3314 1172 3382 tritius
1271 3355 1277 3367 ,

119 3419 185 3492 telle
214 3449 230 3494 a
259 3428 434 3496 meridiano
461 3422 516 3492 suo
550 3439 600 3505 gr.
615 3417 667 3507 '33
697 3421 892 3492 minutorum
927 3440 969 3501 14
996 3413 1174 3498 secundum

119 3540 210 3618 natus
237 3547 400 3611 orizontir.
441 3538 596 3619 secundus
617 3549 723 3604 autem
749 3536 923 3605 distantiam
951 3538 1128 3610 huiusmodi
1151 3565 1170 3610 a

118 3655 264 3724 meridiano
294 3660 416 3742 reperit
439 3673 489 3738 gr.
512 3650 559 3734 4⁶
580 3655 730 3723 minutor.
756 3666 813 3740 23.
877 3653 950 3722 Duo
971 3667 1077 3724 autem
1099 3661 1172 3727 loca

118 3765 158 3830 ubi
179 3771 252 3838 liunt
279 3771 538 3838 considerationes
561 3765 673 3834 distant
698 3787 715 3832 a
740 3765 773 3833 se
796 3763 866 3855 658
898 3771 1071 3840 miliaribus
1089 3793 1169 3860 quo·

101 3895 171 3950 *run
191 3884 394 3963 assootimt
413 3891 446 3951 in
466 3894 532 3950 toto
551 3882 670 3950 ambitu
690 3892 786 3951 terre.
842 3883 952 3968 Quero
971 3885 1170 3961 altitudinem
1204 3896 1207 3900 ’

101 4003 166 4080 ¹pili
188 4007 219 4077 in
238 4009 377 4090 atroque
397 4004 550 4073 locorum
600 4002 676 4072 item
699 3997 948 4094 declinationem
964 3999 1057 4103 huiar
1078 4005 1171 4076 stelle

1101 4122 1165 4191 fixa
