2950 5092
205 397 1229 596 'm'fflffl.fflm'

294 642 401 710 titates
418 640 601 712 incontinue
622 610 874 737 proportionales
892 653 963 724 lunt
979 675 1111 752 quarum
1127 657 1245 747 prime
1253 665 1286 724 et
1302 665 1352 723 ter·

266 842 271 856 .
293 755 339 822 tie
362 755 512 841 ltquidem
533 745 751 848 multiplices'
740 779 921 856 iterumque
939 742 1075 840 secunde
1090 785 1122 841 et
1140 785 1254 859 quarte
1271 789 1353 858 eque·

259 967 262 974 Ι
292 869 496 956 multiplices,
521 873 542 939 fi
568 879 771 949 conferantur
792 885 905 952 eadem
925 884 1041 954 ordine
1068 905 1133 973 quo
1157 881 1360 969 submultipli-¹

294 1005 346 1051 ees
363 1001 596 1072 proponuntur,
617 991 801 1064 incontinua
817 997 1073 1086 proportionales
1092 997 1172 1066 sunt.¹
1193 997 1272 1065 illud
1284 995 1354 1062 enim

295 1101 448 1184 significat
473 1103 641 1175 similitudo
671 1109 843 1178 additionis
872 1123 925 1180 aut
944 1109 1127 1180 minutionis
1152 1112 1206 1180 uel
1228 1106 1355 1196 equatio·

236 1301 238 1306 Ι
288 1217 341 1284 nis
368 1207 468 1302 quam
487 1217 554 1305 ipse
578 1215 716 1293 aniliter
740 1224 928 1295 introducit.
969 1226 1150 1296 Vndecime
1173 1229 1278 1294 aat'em
1304 1223 1356 1290 dil·

290 1327 442 1399 linitionis
466 1335 622 1422 expositio
644 1359 737 1427 quam
765 1341 900 1408 ridicula
919 1343 955 1408 ltt
979 1342 1078 1410 facile.
1098 1338 1253 1428 quispiam
1273 1337 1356 1405 intel·

165 1453 171 1458 '
289 1445 370 1528 liget
392 1448 446 1533 qui
474 1453 698 1557 proportiones
726 1454 920 1524 irrationales
948 1455 1213 1528 denominationis
1236 1450 1357 1540 penitus

297 1573 425 1627 exortes
445 1561 610 1649 duplicare
631 1565 794 1652 triplicare
823 1579 877 1638 aut
902 1569 1134 1656 quantumlibet
1153 1567 1357 1655 multiplicare

289 1673 416 1744 didicit.
458 1681 551 1750 Porro
568 1679 762 1767 principium
782 1683 899 1750 decimi
921 1684 1087 1755 uoluminis
1108 1684 1270 1771 quomodo
1292 1699 1357 1746 con·
1383 1701 1385 1783 q

214 1843 217 1850 .
284 1789 428 1859 stabitsa
460 1786 662 1872 sesquitercia
687 1796 859 1880 proporeio
885 1794 1034 1864 infinities
1060 1795 1154 1863 etiam
1180 1804 1385 1896 eoaeeruatat

172 1885 177 1894 ¹
211 1997 216 2014 Ι
286 1903 519 1994 sesquialteram
540 1923 646 1992 neque
666 1903 816 1990 superare
830 1907 932 1993 potest
949 1930 1054 1997 neque
1074 1909 1168 1977 etiam
1185 1906 1357 1991 attingere?
1383 1848 1385 1985 s

286 2021 409 2110 Quodsi
429 2021 661 2108 porporciqnes
682 2019 812 2089 minoris
834 2022 993 2107 qualitatis
1010 2046 1074 2092 non
1096 2022 1167 2092 saint
1185 2027 1230 2091 de
1252 2023 1359 2090 eodem

241 2185 245 2193 1
287 2128 407 2221 ‘genere
434 2135 615 2222 quantitatis
638 2133 921 2222 quomodoaltere
942 2135 1108 2205 exalteris
1133 2137 1284 2221 componi
1305 2157 1357 2222 po·
1383 2066 1385 2195 s

248 2229 253 2234 ⁵
285 2249 416 2318 terunt?
444 2252 478 2319 Si
508 2263 613 2319 autem
638 2265 655 2318 a
682 2265 802 2333 genere
822 2251 1004 2335 quantitatis
1025 2273 1134 2320 omnes
1159 2251 1289 2340 prorsus
1311 2242 1385 2317 err-⁸

283 2365 443 2444 cludende
468 2363 538 2433 sunt
558 2367 801 2454 proporeiones,
825 2371 911 2434 nulla
935 2365 1061 2433 omnino
1087 2367 1148 2434 erit
1175 2365 1358 2455 proporeio·
1383 2274 1385 2425 Ι

282 2501 358 2550 Μ
379 2481 561 2576 propnrcio
606 2491 638 2548 et
663 2477 737 2548 ideo
759 2480 881 2575 fabulas
907 2493 1031 2550 narrant
1053 2481 1240 2569 quicunque
1266 2478 1359 2567 septi·

281 2594 327 2664 mi
348 2594 544 2694 phyicqrum
568 2597 693 2680 regulas
715 2595 763 2664 de
779 2570 949 2664 uelocitate
969 2607 1113 2664 motuum
1134 2579 1269 2670 traditas
1293 2595 1358 2663 sul·

233 2731 234 2734 ’
282 2709 383 2780 tiliter
405 2727 568 2794 exponere
590 2722 753 2778 canantur.
794 2710 910 2779 Omnis
936 2711 1031 2778 etiam
1055 2713 1158 2778 ferme
1181 2712 1360 2782 calculatio·

281 2825 409 2894 numia
429 2824 531 2894 italia
540 2809 780 2892 celebratarum
794 2836 921 2893 corruet
949 2822 1104 2910 argutia,
1129 2827 1247 2908 nugari
1274 2825 1362 2895 uide·

280 2941 368 3010 bitur
400 2937 557 3025 prostremo
585 2939 769 3027 quicunque
794 2941 836 3006 de
864 2937 1108 3040 proportionum
1140 2943 1360 3027 proportioni·

279 3049 343 3125 bus
365 3053 517 3124 disserere
544 3053 708 3140 quidpiam
735 3064 866 3120 tentant.
890 3051 1012 3121 Audire
1033 3031 1129 3121 uelim
1151 3056 1208 3142 qui
1226 3059 1362 3142 primam

194 3231 198 3236 .
225 3241 228 3246 ,
281 3165 657 3248 undecimlden'ronstret
677 3167 765 3254 prius
778 3177 880 3254 xquam
904 3155 1071 3236 secundam
1098 3190 1168 3237 cum
1188 3171 1286 3239 tertia
1308 3171 1362 3238 de·

228 3289 232 3299 '
281 3283 361 3354 eima
389 3283 483 3371 primi
509 3285 598 3354 euius
624 3276 772 3354 succursu
800 3281 902 3381 prima
931 3283 1091 3374 undecimi
1118 3283 1226 3359 fulciri
1247 3285 1362 3361 debet,

278 3401 376 3470 lineas
406 3396 474 3468 suas
498 3401 533 3468 in
557 3399 668 3470 eadem
689 3395 819 3481 planitie
837 3393 1011 3482 supponat.
1049 3404 1129 3469 tales
1151 3409 1259 3469 autem
1285 3418 1362 3466 con·

205 3547 211 3568 2
260 3500 426 3586 'sidentes
450 3517 548 3584 lineas
570 3534 633 3600 que
658 3513 691 3582 in
711 3513 810 3594 ligura
835 3513 937 3597 prime
963 3511 1050 3594 sunt,
1097 3515 1131 3583 in
1152 3515 1278 3606 eodem·
1300 3511 1361 3580 elie

278 3637 374 3720 plano
399 3653 462 3700 non
486 3632 541 3700 nili
566 3648 626 3716 per
651 3626 820 3698 secundam
848 3625 987 3695 constare
1008 3627 1124 3714 potest.
1187 3629 1256 3700 Sed
1280 3628 1362 3714 quid

166 3719 172 3748 Κ
277 3747 499 3818 inclementis
519 3745 581 3815 illis
606 3743 782 3831 puerilibus
814 3722 900 3811 diem
922 3749 1051 3812 terimus
1074 3765 1146 3815 cum
1166 3743 1207 3814 in
1235 3744 1362 3813 abstru-

279 3827 348 3934 steri
380 3859 556 4002 geometria
582 3857 746 3947 principes
773 3859 868 3928 etiam
888 3859 964 3990 artis
969 3853 1056 3927 sese
1077 3857 1156 3928 falso
1178 3856 1363 3945 reprehen·
1349 3832 1385 3933 ·l

751 4001 760 4010 ·
1278 3954 1385 4053 dere}
