2950 5092
92 152 96 290 l

92 295 102 356 l.

282 456 353 537 nr
524 440 781 529 eruemur.
814 439 941 529 aare.
974 438 1126 549 uon„

388 636 441 717 dd
464 648 609 728 quartum
624 638 822 728 respondetis
846 638 975 709 minime
997 638 1057 709 csse
1072 626 1226 731 'pollebile
1249 641 1349 711 intio-2

277 758 356 827 dere
376 754 408 823 in
429 752 542 841 sphera
567 757 765 846 pyramidem
783 752 836 823 sex
853 749 1050 825 diuersorum
1071 760 1204 828 laterum
1224 778 1283 853 pro
1303 756 1338 825 li·

277 872 347 941 bita
368 872 674 957 proportionalium,
706 882 767 945 cet.
831 872 954 941 Verum
979 881 1011 939 ct
1034 870 1118 939 bene
1141 870 1344 959 respondetis.

276 988 343 1057 Sed
369 985 491 1055 infinite
515 986 640 1074 possunt
668 987 738 1055 dari
763 982 944 1079 huiusmodi
968 987 1149 1073 pyramides
1170 986 1280 1075 sphere
1304 988 1346 1057 in·

275 1099 482 1189 scriptibilcs·
517 1105 605 1189 quod
623 1115 658 1171 ut
677 1101 818 1189 apertius
840 1102 930 1169 fieret
952 1104 1047 1169 multa
1071 1102 1285 1184 premittenda
1306 1100 1347 1169 es·

274 1214 360 1287 sent.¹
379 1214 433 1285 sed
452 1221 587 1305 paucula
608 1240 692 1287 nunc
716 1219 982 1315 commemorabo.
1043 1216 1187 1301 intelligo
1207 1213 1347 1302 spheram

207 1310 219 1325 ’
274 1331 328 1401 cui
347 1329 496 1420 inscripta
517 1332 561 1400 est
582 1330 974 1420 huiusmodixpyramis‚*)
1002 1332 1187 1417 uocaboque
1208 1326 1348 1425 spheram

272 1447 409 1537 primam
434 1462 465 1517 et
489 1448 687 1537 pyramidem
714 1444 858 1534 primam·
893 1446 1011 1515 deinde
1039 1466 1137 1533 pono,
1152 1444 1347 1543 lineumab
1385 1518 1386 1521 Ἴ

271 1577 420 1637 utuuum
446 1562 566 1631 exiliis
591 1558 644 1627 sex
668 1561 808 1629 numeris
839 1575 872 1647 3.
899 1572 930 1646 5⁸.
953 1565 985 1639 8.
1011 1577 1065 1631 ιο.
1095 1576 1148 1627 11.
1180 1577 1235 1649 13.
1257 1558 1347 1629 uerbi

171 1669 174 1675 ’
206 1731 210 1761 ,
270 1679 379 1763 gratia
407 1692 450 1742 ιο
476 1677 578 1765 perles
601 1675 767 1745 retineam
787 1696 803 1743 a
825 1693 847 1759 g
870 1679 888 1751 8
908 1678 1020 1761 pedes,
1040 1678 1153 1749 lineam
1175 1680 1242 1759 gb!
1257 1694 1274 1766 3
1292 1694 1349 1763 pe·¹

269 1795 359 1874 dum,
388 1793 538 1881 donoque
558 1793 750 1875 triangulum
776 1811 794 1859 a
814 1792 837 1857 b
857 1806 879 1873 g
900 1791 993 1859 basrm
1015 1792 1188 1879 pyramidis
1212 1788 1348 1859 secunde
1385 1832 1386 1835 =

268 1908 330 1976 hoc
346 1908 448 1997 pailoy
486 1929 546 1997 per
564 1902 609 1973 26
628 1904 788 1975 undecimi
812 1904 895 1991 apud
913 1904 1098 1995 punilumg
1119 1904 1277 1975 constituo
1299 1928 1349 1975 an·
1385 1952 1386 2007 y

248 2029 379 2110 ,sulum
393 2023 535 2093 ‘solidum
550 2026 694 2110 equalem
708 2025 824 2105 angulo
841 2018 940 2087 solido
957 2022 1060 2105 prime
1078 2020 1276 2109 pyramidis„
1294 2018 1349 2107 qui
1385 2028 1386 2103 l

268 2139 314 2209 est
336 2141 421 2227 apud
447 2143 546 2209 latera
569 2138 645 2207 basrs
667 2136 770 2222 prime
786 2134 966 2224 pyramidis
997 2136 1248 2220 proportionalia
1271 2138 1349 2203 dun·

127 2332 131 2337 ,
266 2256 329 2326 bus
357 2255 510 2323 lateribus
536 2270 595 2335 ag
619 2266 650 2319 et
676 2268 699 2349 y
723 2251 747 2319 b
774 2248 922 2334 trianguli
947 2242 969 2315 'a
991 2250 1013 2315 b
1034 2266 1067 2333 ς.
1105 2264 1235 2337 oportet
1266 2252 1349 2323 euim

267 2370 460 2453 triangulum
484 2369 721 2452 abgequum
746 2367 893 2447 angulum
918 2364 978 2433 esse
1004 2354 1063 2433 basr
1089 2366 1191 2453 prime
1211 2368 1348 2457 pyrami·

264 2485 338 2568 dis,
381 2484 538 2570 duilaque
563 2482 645 2551 linea
666 2496 688 2563 g
712 2480 735 2544 k
758 2475 905 2561 surgente
929 2500 946 2545 a
972 2476 1137 2565 superficie
1159 2482 1349 2569 triangulis

263 2603 288 2672 b
311 2618 333 2686 g
357 2599 495 2669 sumatur
524 2617 565 2665 cx
590 2618 625 2664 ea
651 2594 725 2679 gd
753 2594 872 2678 pedum
897 2610 952 2662 11.
988 2616 1005 2661 a
1027 2596 1143 2679 pontio
1165 2619 1299 2687 quoque
1326 2596 1350 2667 d

199 2749 203 2758 ·
262 2714 390 2788 sublimi
417 2693 624 2783 demittantur
651 2712 693 2779 ad
715 2710 865 2777 terminos
887 2710 972 2809 linec
997 2710 1062 2778 ab
1083 2712 1231 2807 ducalie
1251 2708 1348 2791 ‚reihe

261 2831 375 2901 dact
397 2830 420 2897 d
441 2829 474 2896 b.
517 2830 581 2895 lam
613 2826 785 2895 confestam
814 2825 964 2895 habemus
988 2827 1185 2913 pyramidem
1211 2810 1272 2897 sex
1294 2850 1349 2903 no,

262 2956 368 3017 lorum
387 2948 540 3023 laterum,
573 2943 701 3041 critque¹
730 2943 857 3009 omuino
882 2941 983 3009 smilis
1002 2940 1104 3026 prime
1126 2944 1292 3032 pyramidi
1313 2944 1350 3009 li·

263 3075 316 3131 cet
337 3062 463 3129 fortasse
484 3080 546 3129 non
567 3058 687 3143 equalis
708 3058 822 3126 eidem.
863 3056 939 3125 huic
963 3059 1118 3147 pyramidi
1138 3056 1283 3127 secunde
1305 3058 1352 3125 in·

218 3168 223 3175 ’
261 3178 424 3261 telligatur
441 3174 552 3261 sphera
568 3172 795 3253 circumscribi,
817 3193 910 3259 quam
932 3173 1054 3243 uocabo
1072 3170 1214 3259 spheram
1236 3173 1352 3243 secun·
1384 3242 1385 3253 ,

134 3350 140 3360 .
261 3281 348 3362 dam·
400 3290 486 3360 omni
520 3289 605 3357 enim
634 3290 795 3377 pyramidi
820 3288 919 3359 Abasnn
955 3288 1085 3388 habeuti
1115 3292 1350 3373 triangularem

252 3404 374 3495 sphera
409 3404 712 3495 circumscriptibilis
750 3400 805 3473 cst.
880 3403 951 3469 Hes
983 3414 1086 3471 autem
1122 3404 1228 3470 omnia
1265 3402 1351 3473 alibi
1384 3414 1385 3435 ³

243 3518 471 3593 'demonstrata
499 3522 588 3600 dedi.
655 3519 691 3590 si
711 3520 822 3607 itaque
851 3538 892 3599 ex
917 3516 999 3585 notis
1025 3518 1178 3587 lateribus
1200 3518 1350 3609 pyrami·
1384 3520 1385 3603 l

259 3638 312 3708 dis
341 3629 479 3715 secunde
509 3633 715 3705 inueniemus¹
734 3633 923 3701 diametrum
944 3626 1056 3717 sphere
1083 3629 1114 3699 se
1144 3633 1352 3699 circumscri-

236 3732 382 3836 mentis,
405 3751 671 3843 quemadmodum
689 3746 837 3833 polhbite
867 3744 959 3811 estet
979 3744 1246 3831 demonstratum,
1278 3755 1354 3835 pla.

257 3888 301 3939 na
320 3881 414 3940 erunt
439 3868 555 3945 omnia.
608 3866 694 3938 Nam
718 3864 820 3935 cubus
848 3858 1107 3933 circumscribens
1125 3846 1279 3949 spheram
1304 3865 1353 3932 se·

1271 4003 1353 4055 cull-
1366 3948 1374 3998 X

290 4147 391 4221 0¹18·
412 4146 474 4215 Ἧι
