2950 5092
311 539 313 544 ,
340 456 495 578 errs'r.
520 484 942 569 neocorrournnr.
1099 508 1176 567 ¹121

133 690 212 759 scribi
233 698 363 778 propter
389 686 516 755 nimiam
545 686 613 754 eius
640 682 900 771 magnitudinem.
965 676 1101 749 Necesse
1136 678 1181 747 est

133 806 223 886 igitur,
240 823 307 871 cum
328 802 384 870 srnt
406 801 521 870 infiniti
544 802 655 869 circuli
676 798 774 868 medii
792 800 874 865 inter
896 816 962 875 eos,
983 796 1023 865 ad
1044 797 1182 883 aliquem
1307 816 1312 839 r

131 918 279 1003 peruenire
306 918 360 984 eui
386 918 471 985 diue
498 902 643 1004 quatuor*
660 912 745 980 linee
768 896 883 1009 possrnt
910 910 1052 979 inscribi.
1108 910 1182 977 Hee

132 1049 200 1100 certa
221 1031 290 1110 sunt
311 1046 343 1101 et
375 1030 568 1101 intellelium
589 1028 709 1099 faciunt
734 1028 888 1116 quietum·
933 1024 1029 1115 quare
1057 1027 1181 1097 adalia
1240 1037 1248 1051 “

129 1168 169 1215 me
186 1146 340 1217 transfero.
467 1140 474 1162 “

198 1343 229 1413 3.
252 1332 329 1397 Non
360 1324 404 1395 est
430 1326 552 1395 neccsse
581 1322 673 1393 oinne
700 1324 951 1411 quadrangulum
981 1320 1033 1393 uel
1065 1320 1181 1391 rellili·

126 1461 202 1507 neum
222 1444 338 1513 circulo
366 1441 427 1511 esse
451 1439 669 1527 inscriptibile.
713 1440 764 1508 sit
791 1440 872 1507 enim
895 1441 1030 1509 circulus
1056 1441 1093 1541 Τ)
1118 1442 1179 1507 ab

126 1559 186 1639 gd,
204 1558 235 1626 in
256 1582 319 1647 quo
342 1560 528 1625 ordinentur
549 1568 684 1641 quatuor
707 1558 806 1624 corde
827 1578 842 1621 a
865 1550 898 1635 b',
925 1557 947 1647 b
969 1573 1001 1639 g,
1036 1576 1058 1642 g
1083 1557 1116 1633 d,
1148 1566 1180 1623 et

124 1669 220 1739 daut
241 1672 341 1753 libet,
373 1670 429 1738 srbi
455 1668 715 1749 conterminales,
753 1670 1002 1753 quadrangulum
1024 1690 1041 1737 a
1063 1672 1085 1738 b
1109 1690 1132 1756 g
1156 1672 1180 1739 d

120 1788 341 1867 concludentes,
374 1788 511 1871 srgnetur
533 1802 664 1869 quoquc
680 1782 874 1867 punslunrh
901 1799 989 1851 errtra
1012 1786 1178 1867 circulum,

120 1894 145 1960 in
171 1891 279 1965 lineam
306 1918 329 1985 g
355 1900 378 1965 b
407 1898 628 1966 continuatam
697 1896 778 1962 Dico
808 1899 896 1983 quod
920 1899 1112 1985 impossibile
1145 1904 1245 2003 [ιτ]
1294 1960 1297 1979 ,
1379 1920 1380 1929 ’

122 2012 357 2097 quadrangulum
381 2006 441 2080 alr
461 2030 484 2096 g
508 2012 531 2079 d
555 2008 686 2077 inscribi
712 2009 841 2082 circulo.
884 2014 919 2083 Sl
941 2015 1025 2083 enim
1046 2012 1179 2103 poffibi.

120 2125 143 2187 le
167 2124 221 2207 ess,
263 2129 328 2196 esto
354 2149 415 2215 per
439 2122 669 2205 aduersarium,
709 2124 907 2211 duceturque
936 2127 1091 2197 diariretei·
1113 2150 1179 2217 ag

120 2245 272 2340 communis
298 2244 454 2311 ambobus
479 2238 715 2328 quadrangulis.
758 2241 830 2307 Duo
858 2241 964 2327 itaque
986 2244 1095 2329 anguli
1119 2244 1178 2311 ah

119 2368 182 2436 got
200 2360 255 2426 ad
277 2380 300 2445 g
321 2380 363 2426 ex
384 2354 578 2425 consesstone
597 2352 769 2421 aduersarii
795 2368 827 2422 et
855 2372 895 2419 21
922 2359 1178 2428 terciiliuclidis
1280 2358 1289 2365 ’

116 2453 225 2541 duobus
249 2474 345 2560 cerlis
368 2470 490 2557 angulis
511 2467 580 2537 sunt
602 2474 748 2555 equalesz
774 2468 829 2537 sed
851 2483 883 2539 et
903 2472 967 2539 duo
990 2476 1095 2570 anguli
1117 2498 1134 2543 a
1157 2479 1178 2543 b
1271 2481 1272 2485 ’

118 2600 189 2666 get
214 2610 229 2655 a
257 2592 280 2659 d
307 2610 330 2675 g
363 2609 405 2655 ex
428 2585 570 2677 ypothefi
595 2597 627 2652 et
662 2586 772 2679 eadem
801 2602 887 2651 nrm
914 2588 1008 2655 tercii
1036 2589 1177 2658 Euclidie

116 2701 223 2771 duobus
248 2704 347 2773 rectis
369 2702 577 2793 equipollent·
590 2699 664 2776 „duo
681 2700 782 2781 igitur
804 2700 910 2787 anguli
935 2724 953 2769 a
973 2704 995 2771 h
1020 2724 1044 2791 g
1063 2718 1095 2773 et
1115 2726 1133 2771 a
1153 2706 1177 2775 d

115 2820 351 2905 sequebantur
380 2816 505 2883 duobus
532 2835 549 2880 a
574 2815 597 2881 b
619 2833 642 2899 g
669 2828 700 2882 et
723 2837 741 2881 a
767 2817 837 2899 dg
862 2820 1031 2906 ablatoque
1054 2806 1180 2889 'utrobi-

115 2952 165 3015 que
183 2939 298 3029 angulo
322 2955 341 3001 a
364 2932 387 2999 d
412 2948 435 3014 g
458 2931 600 3015 reliquus
617 2929 678 2996 erit
699 2934 830 3013 angulus
855 2954 872 2999 a
891 2934 913 3000 b
932 2952 955 3017 g
977 2936 1097 3021 equalis
1124 2958 1185 3005 am·
1253 2992 1254 3001 ,

113 3052 175 3131 gulo
197 3052 261 3123 ab
290 3068 324 3134 g,
361 3042 554 3114 extrinsecus
575 3042 758 3126 intrinseco,
805 3048 892 3133 quod
914 3046 957 3114 est
983 3043 1175 3137 impolllbile
1248 3042 1280 3081 ·’

114 3172 140 3228 et
161 3180 266 3234 contra
298 3158 383 3229 16m
408 3158 504 3249 primi
530 3160 769 3244 elementorum.
831 3162 883 3231 Ad
907 3163 993 3231 idem
1022 3164 1174 3235 inconue·

111 3278 185 3348 niens
204 3281 411 3366 redigeretur
436 3272 653 3359 aduersarius,
692 3276 712 3343 [ι
733 3277 853 3347 dixerit
883 3276 1133 3365 quadrangulum
1157 3304 1175 3353 a

110 3392 127 3457 l
150 3387 453 3479 gdinscriptibile
478 3377 624 3471 circulo,³
641 3390 739 3477 polito
765 3396 787 3461 k
818 3372 934 3483 nuntio
956 3392 987 3465 in
1015 3398 1174 3485 triangulo

111 3508 199 3595 abg
226 3524 283 3580 aut
310 3510 345 3576 in
370 3509 468 3575 altero
495 3509 629 3574 laterum
651 3508 728 3576 eiusr
790 3508 866 3575 Non
889 3508 933 3579 est
954 3504 1030 3595 ergo
1052 3516 1174 3587 necesse

109 3640 188 3692 omne
209 3616 685 3715 quadrangulomrestilineu'm
712 3602 924 3712 inscriptibile
954 3626 1015 3699 esse
1042 3612 1174 3715 circulo,
1250 3688 1254 3701 .

110 3742 183 3822 quod
204 3756 273 3844 erat
294 3736 584 3813 demonstrandum.
925 3726 939 3744 -.
1136 3762 1138 3769 ·
1243 3732 1246 3741 ¹

526 3982 533 4004 r
572 3954 646 4042 Ης
1008 3920 1185 4043 400mne
