2950 5092
317 489 471 574 mrsr.
497 429 924 570 nnoromonrnrra
1092 513 1162 593 141

121 685 301 772 nuntianti,
325 689 462 777 ¹primur
482 683 603 756 scilieet
622 685 775 756 remotior
794 707 813 754 a
832 683 1006 756 meridiano
1027 699 1094 758 errt
1111 709 1164 777 gr.

122 819 161 866 ro.
184 803 295 872 minuta
319 817 370 889 15.
393 801 549 872 seeundor
569 817 648 872 neto
675 823 723 890 gr.
751 797 795 868 16
813 803 933 872 minuta
952 817 1014 890 43.
1053 807 1165 895 Qnero

117 890 332 988 declinitionem
366 917 459 987 huior
486 915 574 987 stelle
602 921 692 1025 fixe,⁸
720 921 982 1008 latitudinemque
1011 921 1165 1004 regionir,

117 1033 156 1098 rbi
173 1032 244 1103 falla
268 1031 312 1100 eil
338 1031 554 1108 confideratio.
588 1034 731 1121 itomq'ue
752 1031 928 1102 distantiam
948 1031 1073 1103 itellea
1096 1055 1164 1103 me·

116 1149 214 1218 ndiano
234 1147 405 1218 secundom
427 1149 545 1234 gradus
561 1147 715 1218 orizontis
730 1147 764 1217 in
782 1147 885 1253 prima
905 1149 1161 1229 confideratione.

179 1377 208 1428 2.
236 1363 272 1432 ln
294 1360 431 1450 quadam
457 1359 591 1446 regione
611 1361 688 1459 olum
713 1363 748 1434 in
767 1361 874 1432 medio
901 1365 962 1430 celi
980 1361 1076 1452 supra
1094 1373 1162 1434 ter·

112 1497 161 1544 ram
185 1491 267 1548 errnt
294 1495 344 1562 gr.
372 1493 406 1562 7.
436 1475 556 1544 minuta
578 1483 623 1555 18
653 1477 869 1564 geminorum,
911 1473 959 1544 sol
990 1477 1163 1550 distabrta

111 1589 257 1660 meridiano
278 1591 388 1662 uersus
409 1591 563 1703 orientem
589 1611 649 1676 per
670 1611 719 1678 gr.
743 1605 787 1677 25
809 1591 929 1662 minuta
954 1609 1012 1682 13.
1033 1595 1075 1664 de
1095 1577 1161 1667 cii·

112 1707 288 1776 conferentia
309 1705 475 1790 orizonte,
500 1705 634 1791 angulus
655 1719 759 1773 autem
779 1707 941 1776 orientatis
959 1705 1161 1807 septemtrioq
1269 1801 1274 1817 Ι

110 1819 168 1888 nrlis
186 1841 273 1909 quem
287 1819 474 1891 continebat
494 1821 633 1888 circulus
651 1819 826 1891 altitudinis
845 1819 917 1890 solis
935 1843 1006 1892 cam
1031 1826 1160 1913 eclipti·

110 1955 135 2000 cr
153 1949 209 2004 orat
227 1958 274 2027 gr,
293 1951 361 2024 125
383 1935 502 2005 minuta
524 1949 582 2020 27.
606 1955 706 2022 quero
721 1941 827 2006 locum
850 1933 936 2018 i‘olir,
959 1939 1160 2011 altitudinem
1256 1959 1259 1966 ·

109 2049 168 2132 eius,
190 2063 219 2121 et
237 2051 416 2122 distantiam
435 2049 503 2118 einr
528 2069 546 2116 a
570 2025 748 2118 meridiano
759 2049 940 2148 ‚secundom
961 2067 1158 2140 aquatorem.

109 2163 166 2236 item
184 2167 381 2238 latitudinem
400 2163 542 2250 regionia
562 2163 620 2237 ubi
640 2165 720 2234 faita
745 2163 791 2233 est
811 2165 1026 2262 ooniaieratio.

98 2379 99 2414 ³
169 2395 196 2468 3·
215 2381 311 2457 Stella
332 2381 468 2470 quedam
491 2379 735 2452 mediatorium
757 2403 831 2453 corn
846 2399 891 2470 25
919 2383 1071 2472 gradibus
1095 2383 1155 2455 mi·

97 2477 166 2560 ‘nntlr
187 2511 238 2580 17.
257 2497 374 2580 leonis,
394 2495 456 2564 hoc
477 2497 569 2585 patto
589 2497 697 2566 situata
722 2498 809 2586 quod
828 2519 920 2568 arcuo
938 2499 1024 2568 inter
1044 2503 1155 2588 poium

107 2609 224 2695 ecliptico
244 2611 533 2704 septemtrionalem
556 2625 588 2684 et
613 2609 731 2680 stellam
754 2633 825 2686 eum
845 2633 920 2684 areo
940 2617 1035 2685 inter
1044 2621 1157 2704 polum

108 2727 188 2794 mundi
209 2727 496 2816 septemtrionalem
523 2739 556 2798 et
580 2723 699 2796 stellam
724 2727 915 2800 coniuntlin
937 2733 995 2801 irnt
1024 2737 1156 2820 equales

107 2835 409 2914 senicireomlerentie
430 2845 543 2920 eireuli
568 2843 686 2930 magni,
756 2847 869 2934 Quoto
894 2859 1011 2936 quanta
1036 2848 1071 2917 irt
1096 2848 1156 2918 de·

109 2955 202 3026 rlinrtio
224 2957 319 3030 linior
345 2957 454 3040 ilelle,
489 2973 668 3051 quantaque
692 2957 850 3040 lrtitodo,
885 2959 972 3030 etin
994 2967 1154 3050 quoloco

107 3071 221 3158 ecliptico
244 3077 280 3146 sn
304 3075 480 3146 secondum
500 3077 681 3150 ueritatem.
867 3103 872 3146 ι

97 3283 99 3348 ἑ
163 3263 408 3354 4·1nquadrm
433 3263 566 3351 regione
595 3263 673 3334 dum
698 3261 732 3330 in
761 3259 869 3330 medio
898 3230 960 3334 cell
988 3262 1033 3334 est
1062 3259 1150 3333 oon·
1204 3287 1209 3304 ’

106 3373 192 3450 indua
210 3383 291 3451 tauri
319 3387 495 3472 completus
523 3379 626 3455 oritur
651 3377 788 3467 qaedam
812 3375 899 3448 stella
925 3381 987 3448 fixa
1006 3379 1041 3450 in
1072 3381 1152 3450 ecli-

105 3489 165 3566 ltira
189 3495 316 3578 exiens,
354 3498 443 3567 cuiun
470 3494 614 3566 distantia
641 3515 659 3562 a
680 3493 824 3563 centallo
844 3479 1013 3565 meridiani
1034 3507 1066 3566 et
1086 3497 1150 3565 ori·

104 3607 179 3674 zonis
206 3613 406 3684 meridionali
432 3609 477 3678 eii
508 3627 560 3695 gr.
591 3621 657 3694 υς
685 3607 806 3676 minuta
829 3623 887 3697 39·
921 3630 1022 3700 quero
1042 3615 1150 3688 lorum
1286 3677 1290 3684 ,

105 3733 185 3792 oerum
207 3723 307 3814 stelle,
320 3703 577 3796 'decimationem
598 3723 667 3794 eine
688 3735 720 3792 et
741 3725 942 3796 latitudinem
959 3727 1114 3816 regionis.

97 3913 99 3930 ι
158 3951 188 4026 ς.
206 3941 257 4012 Est
279 3941 418 4032 quedam
444 3943 530 4014 stella
556 3937 590 4012 in
615 3937 777 4050 principio
807 3937 915 4012 arietir
946 3943 1166 4024 latitudinem.

97 4037 192 4130 {itbenr
212 4059 521 4158 septentrionalem,
554 4077 644 4132 atoue
664 4069 772 4130 notem
794 4059 939 4148 paralleli
959 4061 1028 4137 eine
1047 4067 1148 4136 inter·

1030 4195 1146 4270 ceptor
