2950 5092
305 507 375 586 ιιι
568 428 819 568 umrrorir.
845 485 975 576 nere,
999 484 1125 582 non,
1186 451 1191 458 ’
1244 603 1251 610 .
1314 463 1318 470 ’
1378 432 1380 477 Ε

299 693 452 772 ternaque
472 691 558 752 extet
579 679 774 752 obseruantia
795 682 922 753 minime
943 695 975 752 tc
1002 686 1099 756 latere
1120 681 1263 751 arbitror.
1298 679 1349 748 Cui

254 795 396 884 queso
416 799 487 884 plur
522 800 608 868 fauet
629 797 722 868 diuus
747 796 802 864 ilie
821 796 978 868 Bessarion
1003 798 1160 893 dominus
1169 816 1255 866 meur
1273 815 1348 861 reue·

269 903 496 984 rendissirnue
522 931 614 1000 quam
631 906 824 1018 Vmbrbrum
841 886 1042 1000 principibue
1058 909 1210 981 federico
1230 906 1379 978 etOtia·

297 1026 414 1098 niano?
449 1030 537 1116 Quor
557 1027 639 1096 inter
663 1026 813 1096 mortales
833 1027 950 1096 maiora
976 1024 1130 1116 quispiam
1151 1022 1351 1096 beniuolentie

295 1141 437 1230 reperiet
458 1140 597 1212 indicia?
625 1141 797 1210 Dominis
788 1141 1073 1230 rgiturrantopere
1093 1137 1158 1209 sese
1180 1138 1352 1209 colendibue

295 1275 414 1344 equum
438 1256 565 1326 uidetur
585 1268 620 1344 ut
641 1259 672 1362 qt
690 1256 857 1326 seruitorcr
877 1256 910 1326 in
931 1277 1028 1328 unum
1046 1269 1105 1326 nor
1125 1253 1352 1324 consentiamus.
1378 1260 1380 1293 f

294 1371 431 1446 Accedit
457 1383 623 1458 preterea,
661 1369 750 1458 quod
773 1366 924 1456 potiistmi
945 1366 1027 1438 facio
1048 1369 1212 1452 momenti,
1247 1367 1353 1438 nodio·
1378 1432 1380 1439 .

292 1505 365 1554 rum
394 1483 581 1554 similitudo:
628 1485 719 1554 radix
755 1484 906 1556 uidelicet
925 1485 1034 1554 ‘omnir
1066 1485 1212 1555 amicitie.
1275 1479 1352 1553 Mihi

172 1616 175 1626 ·
293 1599 447 1688 equidem
472 1600 628 1672 dotirinar
660 1599 870 1688 qundriuialcr
899 1600 1106 1670 mediocriter
1124 1593 1246 1667 inritati
1270 1596 1352 1664 adue·

188 1693 191 1713 ⁸
273 1712 368 1784 ‘nisse
394 1715 518 1802 putabit
540 1713 705 1804 quispiam.
740 1713 802 1783 tibi
827 1725 930 1784 autem
952 1713 1082 1802 egregie
1103 1711 1279 1802 perspeiiar
1298 1708 1350 1778 eisc

290 1829 384 1900 facile
405 1826 620 1918 persuadetur.
665 1828 742 1896 Non
768 1827 851 1898 enim
876 1827 947 1898 satir
967 1826 1033 1898 diei
1058 1829 1162 1918 potest
1187 1839 1298 1916 quanta
1324 1834 1351 1890 et

233 1971 257 2024 ι,
291 1965 385 2032 quam
415 1943 511 2030 digna
533 1942 706 2012 testimonia
729 1943 761 2010 in
782 1955 866 2011 tuam
888 1942 1086 2029 prestantium
1108 1948 1263 2014 confluant
1285 1959 1350 2029 pre·
1378 1954 1380 1958 “

291 2057 400 2130 sertim
426 2061 458 2128 in
480 2057 692 2131 astronomicis
722 2069 754 2124 et
774 2038 1000 2131 arithmeticis:
1038 2056 1154 2162 quibus
1175 2058 1255 2126 adeo
1279 2052 1351 2136 uigi-

289 2170 391 2246 lantcr
419 2171 589 2244 incubuisti
610 2183 644 2242 ut
665 2171 757 2240 diuee
778 2170 969 2272 stipendium
986 2193 1005 2240 a
1022 2172 1171 2262 principe
1188 2185 1243 2242 tuo
1267 2165 1380 2259 susci

167 2329 171 2336 ·
221 2279 222 2288 ἵ
289 2311 370 2380 pere
396 2290 558 2358 merueris.
594 2286 681 2374 quod
706 2285 848 2374 profeiio
876 2285 961 2356 haud
985 2280 1151 2354 mediocre
1173 2277 1380 2363 eruditionis.

146 2479 151 2492 ,
287 2415 343 2472 tue
370 2401 503 2488 habetur
530 2400 693 2470 indicium.
736 2400 912 2487 siquidem
942 2421 1060 2492 paucos
1081 2401 1140 2468 hac
1158 2399 1262 2470 nostra
1281 2398 1380 2466 tem·
1378 2486 1380 2501 μ

287 2515 407 2612 pestate
426 2513 644 2586 huiuscemodi
661 2513 773 2584 studiie
793 2516 921 2586 deditur
941 2527 1109 2586 ueneratur
1131 2516 1260 2606 uulgure
1281 2532 1350 2602 pau·

286 2631 416 2702 cissimis
443 2645 546 2698 autem
575 2650 615 2698 ex
640 2627 723 2698 hisce
753 2630 902 2700 dodrinie
931 2629 1073 2718 questum
1103 2634 1174 2702 ficri
1200 2627 1348 2720 comperi·

283 2770 365 2824 mur.
391 2775 394 2785 s
425 2746 529 2814 Tuam
554 2744 695 2832 denique
725 2745 943 2815 excellentiam
966 2743 1103 2830 Baptista
1129 2747 1173 2815 cie
1194 2740 1347 2818 Alberthir

200 2925 203 2932 .
284 2865 336 2938 uir
369 2861 505 2950 optimus
537 2857 743 2946 sepenumero
769 2859 845 2927 mihi
872 2858 1064 2946 predicauit.
1124 2867 1236 2930 Petrus
1256 2861 1348 2930 nata

283 2980 356 3052 nius
377 2997 505 3066 quoque
524 2975 618 3044 homo
636 2973 690 3042 illc
712 2974 880 3060 primarius
900 2972 1021 3042 domini
1041 2973 1103 3043 mei
1122 2968 1349 3044 Reuerendiffi·

142 3181 145 3188 7
281 3079 333 3170 mi
354 3095 503 3164 crebrum
523 3087 617 3177 super
642 3109 679 3158 ea
700 3109 735 3156 rc
758 3092 847 3158 affert
868 3086 1099 3159 testimonium:
1124 3092 1177 3158 cui
1205 3099 1347 3180 quantum

281 3222 316 3282 et
339 3209 466 3296 predam
489 3216 521 3274 et
542 3205 695 3284 debeam,
715 3223 779 3274 non
805 3200 897 3270 facilc
917 3201 1065 3284 dixerim,
1095 3206 1181 3288 quod
1207 3205 1253 3274 ad·
1274 3201 1347 3272 neri·

280 3325 357 3401 tiam
376 3337 460 3394 tuam
481 3313 696 3410 capessendam
720 3338 771 3388 mc
791 3317 968 3392 induxerit.
1025 3318 1136 3390 Petrus
1156 3320 1286 3411 insuper
1309 3317 1345 3386 de

280 3436 537 3510 castellodurante
566 3435 620 3510 ille
650 3445 721 3508 ιιιιιι
750 3445 835 3504 totur
860 3433 916 3524 qui
944 3456 1008 3506 non
1028 3434 1121 3506 cessat
1141 3436 1346 3506 urbanitatem
1378 3418 1379 3423 ¹

230 3605 232 3614 s
280 3567 313 3624 et
340 3552 474 3624 uirtutes
506 3563 574 3624 tuae
601 3551 777 3622 declamare
802 3552 983 3638 nuperrime
1011 3549 1108 3621 miror
1133 3549 1284 3640 quosdam
1305 3549 1348 3616 ef·

277 3665 381 3740 ieiiur
409 3645 482 3738 {oce
511 3685 776 3750 commemorant,
814 3665 849 3734 in
875 3679 974 3736 tuum
991 3685 1127 3736 amorem
1146 3685 1199 3736 me
1224 3661 1348 3753 prorsus

279 3783 427 3859 coniecit.
492 3781 558 3854 Sed
584 3783 663 3870 quid
691 3782 803 3852 alienis
821 3780 1029 3850 monitoribur
1049 3783 1215 3871 tantopere
1237 3773 1346 3849 cedoi

244 3939 245 3950 ι
274 3897 359 3972 .Vidi
385 3897 535 3988 equidem
554 3894 638 3966 hisce
661 3899 761 3970 oculis
783 3895 929 3987 quasdam
947 3896 1144 3970 nafiuitaturn
1158 3899 1275 3982 figurae
1293 3907 1346 3962 tuo

136 4061 140 4078 ·
275 4017 397 4094 earcuo
429 4012 547 4088 ereiias
579 4014 614 4088 in
646 4011 763 4104 quibua
796 4013 940 4084 ardorem
964 4025 1053 4088 tuum
1085 4035 1122 4084 ac
1141 4004 1346 4190 summamstriln

486 4135 504 4166 ’
1236 4144 1278 4196 no
1320 4117 1345 4184 ‘s
