2950 5092
132 527 140 544 ·
271 517 339 600 na
406 533 410 562 ·
524 500 780 616 urrunnu.
806 503 935 587 nuru.
961 501 1085 586 uon.

269 695 404 808 proiicit
419 689 567 764 sciaterur
588 698 650 770 lue
676 720 793 788 gnomo
813 712 866 774 ant
886 699 973 774 iliius
990 699 1157 790 tripedelir
1179 701 1222 770 ari
1241 699 1336 792 plani·

166 845 173 864 ι
199 883 201 890 ,
269 811 346 882 tiem
368 805 466 900 ipsam
487 816 796 910 perpendiculariter
815 819 930 888 infixus
954 814 1020 888 sole
1043 817 1182 888 habente
1203 815 1335 886 altitudi·

269 947 341 998 nem
364 925 566 998 meridianam
589 927 635 1000 oo
657 923 822 1018 graduum·
868 935 947 1004 item
973 951 1072 1021 quero
1089 934 1238 1017 angulum
1256 929 1338 1000 incli-

268 1041 404 1112 nationis
425 1041 614 1114 eiuscemodi
635 1043 786 1132 planicici
800 1066 871 1116 eum
885 1045 1086 1134 equiooltiali
1102 1045 1222 1118 circulo
1242 1045 1263 1117 a
1281 1064 1337 1133 qua

204 1165 209 1176 ’
270 1155 315 1226 eit
330 1141 400 1226 talir'
415 1148 575 1244 inclinatio
591 1159 623 1228 in
643 1161 776 1247 regione
796 1163 884 1234 cuiun
898 1163 1035 1234 latitudo
1050 1139 1152 1251 estre
1176 1159 1338 1248 graduum.

198 1237 259 1340 N·
347 1291 463 1362 Habeo
483 1303 547 1366 tter
567 1297 696 1380 angulos
709 1293 889 1366 rellilineoa
906 1313 1041 1382 quornm
1056 1314 1136 1366 unua
1152 1293 1197 1366 est
1213 1307 1261 1393 34
1273 1311 1340 1381 par·

264 1405 345 1476 tium
372 1409 511 1494 qualium
533 1385 668 1499 quatuor
688 1407 766 1478 aelli
791 1407 862 1480 sunt
886 1407 968 1506 {⁶⁰2
1008 1408 1087 1482 aliua
1109 1408 1213 1493 autem
1243 1423 1287 1498 35
1310 1417 1340 1476 et

264 1519 384 1618 tercius
406 1516 465 1606 46.
489 1543 530 1594 ex
549 1524 588 1594 iis
613 1523 766 1596 constituo
783 1528 931 1610 angulum
947 1522 1082 1606 solidum
1105 1523 1339 1612 pyramidalem.

265 1637 376 1724 Quero
398 1639 638 1724 proportionem
659 1638 766 1736 anguli
792 1639 894 1709 conici
911 1639 967 1729 qui
983 1639 1068 1708 diuo
1083 1637 1272 1730 pyramidali
1291 1644 1341 1705 an·

135 1735 138 1742 ⁴
239 1806 243 1823 ,
272 1757 347 1840 gulo
374 1751 503 1824 inscribi
525 1751 642 1843 potest,
669 1757 710 1826 ad
737 1759 885 1841 angulum
906 1753 1052 1824 conicum
1072 1753 1179 1824 eidem
1207 1751 1342 1822 circum·

267 1863 487 1952 scriptibilem.
531 1869 621 1941 Voco
638 1883 748 1940 autem
769 1872 917 1954 annulum
939 1867 1083 1939 conicum
1106 1867 1164 1956 qui
1177 1864 1342 1956 superficie

268 1981 378 2050 corrice
403 1981 551 2054 ambitur.
580 2003 642 2072 que
665 1997 753 2052 certe
776 1988 884 2053 conica
905 1981 1085 2072 superficies
1107 1978 1242 2051 nascitur
1266 1979 1287 2048 ti
1307 1977 1342 2046 li·

265 2085 328 2168 nee
352 2095 437 2164 celle
458 2101 590 2168 alterum
612 2097 743 2184 quidem
760 2095 929 2169 terminum
946 2098 1064 2174 fixoria,
1086 2099 1220 2168 alterum
1239 2107 1343 2168 antem

267 2231 368 2304 penes
389 2209 500 2280 circuli
522 2209 808 2282 circumferentiam
830 2214 996 2286 rotauerir.

204 2349 258 2442 0⁴
351 2337 474 2448 Sphera
496 2339 632 2428 quedam
653 2337 750 2410 habet
775 2339 964 2413 diametrum
984 2339 1146 2426 sexaginta
1168 2335 1291 2428 pedum
1311 2333 1343 2405 in

269 2471 330 2539 qna
349 2451 413 2520 duo
436 2449 546 2520 circuli
562 2453 698 2553 minores
721 2451 878 2526 scierant
899 2473 1034 2542 quorum
1060 2453 1188 2524 alteriue
1213 2449 1345 2540 quidem

266 2567 422 2638 diameter
447 2565 490 2634 eil
511 2583 555 2653 5o
578 2568 705 2638 alteriue
726 2590 804 2640 uero
825 2585 873 2656 40
896 2571 1026 2657 pedum
1065 2578 1098 2637 et
1113 2565 1209 2638 sellio
1234 2583 1344 2634 eorum

232 2703 237 2716 ·
267 2682 441 2754 eommunis
466 2697 520 2770 35.
563 2686 672 2772 Quero
693 2695 809 2772 quante
824 2683 880 2754 tort
898 2683 983 2754 rene
1002 2681 1087 2756 linee
1105 2683 1147 2752 ad
1166 2681 1262 2752 binos
1293 2701 1345 2748 eo·

266 2814 339 2908 aum
361 2776 661 2885 polor‘drsncmes.
723 2800 803 2868 Item
829 2801 978 2883 annulum
1000 2796 1212 2870 inclinationis
1232 2797 1346 2868 talium

269 2915 459 3019 circulorum
480 2913 500 2984 sr
521 2913 613 2984 modo
639 2911 680 2982 ad
702 2909 733 2982 se
752 2911 891 2984 inuicem
915 2911 1055 2982 inclinati
1075 2909 1177 3005 sunt·⁴

135 3093 137 3104 .
210 3053 256 3148 p·
349 3039 544 3126 Triangulur
574 3039 727 3146 spheralia
755 3059 796 3110 ex
817 3039 920 3113 tribur
946 3039 1136 3137 circulorum
1155 3053 1345 3124 magnorum

158 3195 160 3202 .
265 3155 402 3226 arcubus
424 3153 564 3234 constane
589 3160 670 3227 latur
693 3175 789 3226 unum
810 3154 906 3227 habet
932 3169 987 3242 15,
1010 3153 1096 3226 aliud
1120 3167 1178 3240 24,
1203 3153 1344 3223 tercium

264 3289 343 3344 uero
368 3285 420 3358 34!
435 3272 600 3357 graduum.
640 3269 796 3344 diameter
824 3281 928 3342 autem
954 3268 1067 3354 sphere
1092 3269 1189 3340 habet
1214 3279 1346 3340 centurn

152 3435 155 3444 Δ
265 3384 381 3478 pedor.
421 3389 530 3476 Quem
552 3405 655 3456 aream
673 3385 767 3458 huius
788 3383 937 3473 trianguli
957 3381 1120 3470 spheralir.
1159 3384 1241 3454 ltcm
1267 3403 1346 3470 que·

267 3519 306 3570 ro
320 3499 454 3586 singulos
470 3502 537 3570 eius
556 3521 656 3572 arcun
699 3503 781 3574 item
802 3500 1047 3589 proporeionem
1068 3496 1179 3567 circuli
1205 3495 1347 3566 connexi

268 3629 340 3686 eum
357 3614 640 3688 circumscribentie
660 3617 699 3687 ad
726 3617 878 3690 circulum
901 3631 1078 3684 connexum
1096 3613 1126 3680 ei
1140 3610 1345 3700 inscriptum.

247 3796 252 3809 ,
268 3731 417 3813 Circulos
435 3747 539 3802 antem
554 3751 715 3802 connexus
733 3743 865 3808 uocetur
880 3728 985 3816 portio
1000 3724 1177 3818 superficiei
1195 3723 1345 3819 spherica
1378 3782 1380 3875 y

161 3857 164 3866 '
267 3865 366 3940 quam·
378 3845 496 3918 claudit
512 3845 766 3918 circumferentia
782 3843 894 3916 circuli
913 3842 1012 3934 plani.

202 3977 262 4100 Q
352 3975 507 4070 Quaritnr
536 3994 629 4065 quam
654 3971 895 4062 proportionem
917 3971 1031 4047 lrabeat
1054 3977 1186 4066 ansulae
1206 3969 1349 4048 icosedri
1378 3991 1380 4103 J

169 4089 173 4102 '
268 4093 311 4165 ad
330 4095 482 4182 angulum
500 4087 705 4164 dodecaadri.
1018 4229 1028 4247 l
1105 4104 1108 4109 ’
1312 4108 1380 4263 si}

532 4385 539 4434 l
