2950 5092
360 467 517 554 rrrsr,
540 461 967 578 nomomournur.
1089 488 1094 513 ι
1126 493 1203 568 n„

152 679 204 726 non
222 663 322 742 arcus)
351 665 431 730 Cum
461 672 565 730 autern
590 661 693 736 omnia
718 661 775 729 sint
798 672 873 729 nota
898 671 1033 746 propter
1054 649 1205 735 arcumb

150 774 170 850 l,
191 771 229 838 est
251 776 364 844 enims
385 793 408 859 g
431 789 523 845 notus
549 779 685 862 p'ropter
705 777 728 842 k
754 761 941 860 gsuperiur
965 791 1089 848 notum.
1125 777 1204 847 limi-
1229 829 1234 842 ,

150 887 250 972 literg
275 891 295 954 h
322 888 520 971 cognoscitur
545 906 680 977 propter
706 891 907 958 latitudinem
935 893 947 957 l
974 909 997 975 g
1029 904 1135 958 notam
1162 911 1205 961 cx
1276 902 1282 909 '

149 1001 288 1087 ypothcsr:
325 1017 478 1091 quercet
503 1023 595 1073 arcus
614 1006 636 1072 b
656 1008 668 1072 l
691 1027 756 1089 non
775 1005 987 1090 ignorabitur.
1049 1007 1204 1075 Similiter

147 1133 196 1198 per
226 1119 326 1188 omnia
350 1119 531 1190 inuenietur
560 1141 649 1188 arem
678 1122 699 1188 b
724 1141 757 1188 m
786 1122 809 1188 fi
840 1123 942 1205 figura
966 1118 1095 1188 sctloris
1128 1133 1199 1189 ute·

147 1249 203 1297 mur
224 1231 284 1301 hb
309 1238 332 1300 k
354 1255 383 1302 e.
442 1234 630 1302 Differenria
650 1233 751 1319 igitur
771 1238 909 1304 duorum
931 1255 1061 1304 arcuum
1086 1238 1143 1303 bl
1169 1247 1203 1305 et

146 1343 211 1414 bro
232 1362 303 1436 nota
319 1345 479 1435 proibet,
501 1347 619 1418 seilicet
640 1371 731 1418 arcus
756 1354 831 1434 lm,
858 1371 995 1438 emuque
1016 1349 1151 1436 ponens
1168 1369 1203 1418 ru
1219 1353 1236 1372 ⁸

142 1459 170 1526 it
186 1475 271 1532 notus
293 1465 354 1534 erit
381 1479 413 1534 et
438 1469 586 1548 laotos,
627 1469 718 1535 locor
749 1452 901 1535 uidelicet
926 1466 1100 1551 primarum
1125 1457 1202 1535 dua·
1282 1523 1285 1528 .

141 1593 199 1642 rum
216 1575 370 1649 stellarum
392 1582 448 1668 qui
470 1583 675 1667 querebatur.
725 1583 844 1650 Arcum
865 1595 970 1650 autem
997 1603 1014 1648 c
1040 1584 1062 1649 d
1088 1583 1200 1651 metie-

140 1709 197 1758 mur
215 1693 235 1762 st
253 1697 344 1782 prius
367 1717 439 1765 eum
461 1697 698 1765 extenderimus
726 1692 767 1764 a'd
792 1697 1051 1782 partempuntli
1072 1720 1102 1781 e,
1141 1689 1201 1766 do·

138 1825 187 1874 nec
215 1810 373 1880 reincidat
402 1807 551 1897 ecliptice
580 1812 613 1878 in
640 1811 759 1898 pontto
786 1831 821 1898 p.
865 1814 906 1880 ad
938 1825 1060 1896 partem
1092 1803 1200 1882 autern

100 1913 102 1920 ¹
137 1923 230 2002 cundi
249 1928 272 1995 d
292 1929 397 1996 donec
417 1939 564 1995 occurret
585 1927 705 1996 circulo
727 1946 842 2010 magno
863 1937 923 2013 pe‘r
941 1931 1052 2011 polum
1072 1919 1199 2013 eclipti-

136 2058 165 2103 ce
182 2039 202 2107 h
219 2042 249 2111 ct'
271 2049 383 2127 pulum
414 2039 567 2108 circulld
589 2064 607 2108 e
631 2045 687 2128 qui
712 2035 746 2111 stt
768 2041 993 2125 transeunti,
1037 2047 1125 2130 quod
1145 2046 1198 2112 fiat

133 2150 159 2218 in
181 2157 289 2237 punuo
312 2178 356 2240 x,
400 2155 453 2222 hic
485 2167 589 2223 autem
612 2157 749 2226 circulus
775 2141 835 2243 per
861 2162 953 2244 polos
978 2159 1079 2228 diuos
1107 2161 1196 2227 ince-

131 2269 197 2338 dens
216 2271 298 2341 secet
320 2265 500 2357 eclipticam
520 2271 555 2338 in
573 2269 690 2354 panno
712 2293 743 2358 y,
771 2273 898 2358 eritque
916 2269 1043 2358 utrique
1066 2253 1197 2343 arcuum

131 2400 180 2466 px
202 2399 275 2473 etp
298 2411 319 2478 y
346 2400 457 2473 quarta
482 2385 778 2459 circumferentie..
805 2389 878 2454 Hec
903 2390 1050 2476 figuratio
1071 2388 1195 2457 tenebit

131 2501 194 2567 dum
213 2524 304 2574 arcus
325 2507 351 2572 d
377 2503 518 2590 pminor
542 2505 716 2588 quadrante
736 2504 851 2582 fucrit,
876 2525 947 2571 nam
966 2505 1096 2572 sialiter
1121 2526 1195 2572 cue·

129 2614 183 2682 niet
207 2621 346 2689 circulus
370 2637 429 2704 per
454 2615 571 2688 teth
600 2622 691 2704 polos
717 2620 875 2700 transiens,
909 2631 963 2687 aut
994 2620 1193 2691 coincldcret

131 2729 231 2801 circulo
250 2735 273 2799 h
289 2740 313 2816 l,
341 2747 394 2802 aut
414 2732 534 2803 secaret
555 2753 661 2801 arcum
683 2734 707 2800 d
729 2753 763 2818 p.
807 2733 873 2802 Sed
890 2736 1119 2820 argumentatio
1136 2755 1194 2824 pa·

129 2864 185 2914 rum
207 2853 399 2920 uariaretur.
464 2849 644 2917 Redeamus
676 2849 775 2932 igitur
807 2848 848 2913 ad
873 2849 1093 2933 figurationem
1114 2873 1191 2938 pre·

127 2957 268 3052 scriptam.
302 2967 364 3037 ubi
384 2967 549 3052 proportio
576 2965 599 3030 h
621 2967 644 3031 d
667 2964 752 3031 add
779 2964 793 3029 l
818 2957 1019 3046 componitur
1044 2987 1085 3036 ex
1112 2969 1191 3036 dua-

126 3077 191 3164 bus,
208 3073 561 3172 proportione'scilicet
579 3079 601 3142 h
622 3079 698 3145 e‘ad
722 3098 740 3142 e
765 3098 810 3159 m,
831 3089 864 3144 ct
888 3083 1096 3164 proportione
1115 3105 1147 3150 m
1164 3103 1189 3169 p

126 3197 158 3262 ad
175 3217 195 3284 p
211 3203 233 3270 l.
272 3201 293 3268 ti
319 3218 399 3281 ergo
426 3193 674 3264 subtraxerimus
705 3194 946 3279 proportionem
972 3195 1034 3262 he
1059 3200 1188 3268 adem

126 3331 158 3378 ex
178 3318 384 3404 proportione
405 3311 427 3378 h
447 3311 470 3379 d
491 3310 532 3378 ad
554 3309 577 3376 d
600 3310 629 3390 l,
658 3328 721 3393 que
741 3310 833 3377 ambe
860 3323 935 3379 note
956 3309 1028 3382 sunt
1053 3327 1187 3402 propter

123 3433 259 3501 terminos
288 3432 493 3510 summotos,
533 3425 725 3512 relinquitur
755 3426 924 3511 proportio
952 3427 986 3496 in
1015 3447 1039 3511 p
1065 3434 1106 3501 ad
1129 3437 1186 3519 pl

123 3551 255 3630 cognita:
283 3551 332 3620 de
352 3547 466 3617 sinibus
489 3549 615 3630 loquore
644 3562 779 3626 cumque
804 3537 949 3625 superius
971 3543 1121 3618 inuentus
1149 3551 1185 3633 srt

122 3681 198 3732 arcus
220 3671 232 3737 l
256 3689 290 3736 m
310 3665 367 3754 qui
389 3662 434 3730 cll
456 3657 636 3728 differentia
660 3659 796 3726 duorum
817 3678 945 3727 arcuum
962 3664 1018 3747 pl
1041 3675 1074 3736 et
1097 3686 1121 3753 p
1141 3689 1184 3749 m,

120 3783 171 3851 etit
194 3803 234 3852 ex
254 3783 356 3854 modo
382 3775 562 3864 supraditlo
585 3785 721 3862 uterque
744 3793 854 3842 eorum
879 3779 1035 3864 cognitur.
1096 3781 1185 3850 Hine
1257 3757 1273 3772 Η

119 3909 144 3966 et
164 3922 254 3970 arcus
278 3903 290 3969 l
316 3919 337 3988 y
356 3894 542 3965 innotescet.
593 3889 653 3957 list
671 3903 777 3957 autem
800 3893 966 3976 proportio
985 3913 1008 3980 p
1029 3913 1051 3985 y
1070 3899 1110 3965 ad
1131 3901 1183 3986 yl

117 4016 277 4100 composita
303 4031 346 4082 ex
365 4011 507 4098 deabus,
544 4004 665 4077 scilicet
683 4008 893 4091 proportione
910 4028 935 4097 p
951 4029 975 4082 x
993 4011 1033 4085 ad
1052 4030 1076 4082 x
1098 4014 1122 4084 d
1149 4001 1196 4082 et'

684 4119 741 4226 1}
897 4227 941 4239 ..
1010 4217 1014 4222 ι
1107 4147 1179 4217 pro·
