2950 5092
184 466 216 514 ¹
323 503 478 595 rursu,
503 456 925 591 uuomMoNTANa
1112 519 1162 613 87

122 699 150 765 lis
164 701 300 783 graduum
328 720 373 796 14
398 708 590 775 minutorum
613 721 657 790 57
689 702 817 771 inuenio
845 724 887 771 ex
907 706 1008 789 figura
1032 701 1161 773 sellaria
1214 686 1217 693 Δ

121 814 198 883 diuisa
219 820 426 889 differentiam
454 842 545 891 arcus
565 818 751 889 semidiumi
772 820 885 889 diuersi
918 835 950 889 et
975 818 1161 891 semidiurni
1237 864 1265 884 ψ

121 933 214 1010 equalis
235 954 281 1019 gr,
308 948 364 1023 ις.
391 937 473 1005 min.
498 954 556 1009 21.
577 937 665 1005 vnde
680 953 788 1003 areum
813 934 1039 1004 sentidiurnum
1065 954 1160 1022 opor·

120 1045 164 1112 tuit
186 1047 238 1116 elie
263 1069 313 1134 gr.
328 1118 332 1125 ,
347 1068 426 1138 105.
457 1054 535 1124 min.
563 1068 626 1131 ar.
664 1051 785 1119 deinde
819 1070 860 1117 ex
887 1052 1054 1119 ‘altitudine
1085 1049 1161 1120 solis
1273 1070 1276 1079 ’

118 1154 291 1244 consalutata,
319 1168 585 1249 quemadmodum
605 1186 657 1260 res
677 1164 745 1251 ipsa
766 1162 968 1252 postulabat,
1001 1170 1160 1237 concludo

117 1269 261 1345 distantiam
279 1277 351 1347 solis
372 1280 579 1350 amerirliano
606 1299 654 1363 gr.
679 1280 735 1365 56.
757 1280 832 1349 min·
855 1295 873 1366 5
880 1295 914 1367 3·
936 1282 1159 1353 antemeridia-

115 1406 167 1454 nam
188 1392 318 1477 quidem.
343 1394 423 1464 hanc
446 1398 568 1485 dempsi
588 1378 640 1463 'ex
660 1417 736 1467 arcu
763 1394 956 1470 semidiurno
978 1394 1072 1484 supra
1093 1418 1159 1465 me·
1238 1460 1240 1463 .

114 1515 218 1587 morato,
243 1522 274 1577 et
297 1512 561 1599 relinquebantur
585 1510 704 1595 gradus
723 1518 786 1596 48.
806 1510 884 1581 min·
914 1517 971 1589 28,
998 1523 1030 1581 et
1051 1523 1159 1583 tantus

115 1626 164 1682 erat
183 1639 266 1689 arcus
296 1629 440 1711 paralleli
467 1626 540 1696 solis
561 1640 672 1697 centro
701 1630 770 1697 eius
797 1640 829 1695 et
851 1628 996 1697 orizonte
1021 1630 1160 1696 interce·
1202 1656 1206 1671 ·

114 1721 369 1825 abutanturque
399 1744 644 1829 computabatur
674 1762 767 1812 arcus
795 1744 955 1829 aquatoris
986 1742 1159 1813 ascendens

114 1840 297 1937 intempore,
324 1858 413 1941 quod
436 1860 529 1926 llurrit
551 1860 594 1925 ab
619 1872 691 1927 ortu
716 1856 791 1927 solis
816 1860 856 1924 ad
876 1856 990 1926 instans
1017 1859 1159 1927 confide·
1222 1942 1225 1947 Ι

113 1962 225 2046 rationis,
246 1972 298 2039 cui
318 1970 514 2066 respondem
533 1994 622 2041 more
642 1970 698 2040 suo
719 1972 798 2039 hore
822 1987 839 2057 3
865 1977 992 2059 equales
1011 1976 1089 2043 min·
1111 1989 1155 2060 13

112 2076 168 2151 fere,
205 2086 274 2172 Quo
296 2086 403 2157 autem
422 2090 515 2175 pallo
536 2067 579 2156 eru
602 2088 769 2157 altitudine
789 2084 865 2153 solis
886 2088 959 2155 data
985 2110 1057 2158 cum
1073 2102 1158 2157 cete·

112 2190 142 2255 ris
167 2200 288 2279 cognitu
319 2204 497 2273 necessariis
521 2202 699 2285 distantiam
725 2204 794 2271 eius
816 2223 834 2268 a
860 2202 995 2269 meridie
1024 2203 1158 2271 inurne·
1190 2238 1193 2249 ·

111 2306 168 2390 riu,
197 2318 320 2400 aperire
347 2315 475 2389 nonest
497 2317 676 2397 confilium,
702 2337 742 2384 ne
769 2316 901 2385 nimium
927 2318 1019 2384 uobis
1043 2340 1157 2387 conco·

111 2420 148 2490 dat
166 2429 329 2502 fastidium,
371 2435 479 2505 Vnum
493 2412 601 2498 ¹tamen
615 2452 656 2497 ex
674 2429 729 2497 sex
751 2430 854 2497 modis
874 2430 1004 2498 diuersis
1027 2432 1156 2501 omnino

111 2540 202 2623 eligere
233 2548 349 2629 libuit,
386 2566 521 2635 quonam
547 2550 714 2614 nonnullos
740 2546 774 2629 in
802 2544 974 2629 epitomate
1006 2546 1157 2615 almaielli

110 2660 259 2740 explanator
285 2664 365 2731 dedi
385 2664 419 2729 in
444 2665 506 2728 lane
528 2658 670 2742 secundi,
691 2660 832 2745 reliquos
856 2673 965 2731 autem
987 2663 1098 2731 modos
1121 2662 1157 2731 in
1187 2718 1191 2721 .
1247 2692 1251 2705 ·

110 2752 330 2846 problematibus
352 2777 497 2862 reperire
525 2776 657 2857 licebit,
689 2774 854 2861 postquam
882 2775 986 2840 codex
1010 2774 1077 2859 ille¹
1092 2785 1158 2842 tre·

109 2884 187 2956 decim
215 2894 405 2963 trallatuum
429 2890 508 2959 iulsu
543 2891 666 2958 domini
700 2888 764 2958 mei
791 2890 1028 2975 publicabitur,
1059 2908 1156 2977 quem

110 3000 176 3069 urbis
194 3008 324 3093 quidem
350 2990 567 3097 placiturum‚‘
580 3008 635 3075 nist
654 3026 706 3073 me
727 3004 848 3072 animus
873 3002 964 3083 fallit,
990 3004 1154 3090 plerisque

109 3128 186 3186 autem
204 3124 272 3191 aliie
295 3108 352 3193 usu
373 3138 542 3193 uenturum
567 3122 717 3191 arbitror.
743 3127 745 3137 '

112 3246 115 3257 ⁵
148 3268 405 3362 Amplitudinem·
417 3240 513 3344 ortus*
531 3269 604 3339 solis
623 3268 658 3339 in
678 3268 732 3336 die
755 3264 1011 3334 corrsrderationis
1031 3262 1153 3333 uestrae

107 3369 207 3448 noerio
231 3405 283 3471 gr,
308 3375 368 3458 ar'.
392 3391 470 3459 min.
494 3356 538 3463 ⁸18
566 3397 599 3453 et
625 3395 693 3476 erat
712 3380 781 3471 ipsa
807 3378 1070 3465 septentrionalis.

154 3528 256 3608 Areon
270 3537 427 3605 orizontis
451 3536 537 3603 inter
556 3536 710 3602 circulum
736 3529 914 3599 altitudinis
942 3526 1014 3597 solis
1036 3538 1069 3595 et
1087 3548 1154 3597 rne-

106 3637 233 3717 ridianum
267 3649 533 3739 comprehensus,
571 3670 669 3735 quem
704 3644 858 3716 uidemini
887 3663 1023 3731 querere
1055 3644 1152 3711 tertio
1228 3635 1232 3651 “

107 3770 151 3825 llll
168 3782 212 3848 qr.
235 3766 283 3850 76
310 3770 387 3842 min.
415 3781 471 3852 54.
500 3751 537 3834 et
556 3763 601 3831 est
622 3765 888 3849 complementum
909 3780 1019 3842 arcus,
1055 3776 1153 3845 quern
1236 3847 1245 3877 l

106 3873 204 3944 arabico
223 3882 355 3950 nomine
381 3893 497 3951 uocant
518 3868 671 3951 azimuth.
710 3862 841 3945 Hec'ex
860 3873 1000 3944 secundo
1021 3876 1152 3962 proble-

105 3998 194 4057 uatum
224 3994 376 4063 almaiesti
410 3995 563 4082 colligere
590 3992 735 4064 deortui.
797 3991 867 4061 Vbi
897 3988 1152 4061 demensuratum
1206 4016 1213 4031 ⁸

105 4092 271 4181 ludibrum
291 4110 413 4184 retium
433 4111 579 4184 distentio
601 4110 721 4198 solisa
741 4110 917 4181 lbmmitate
943 4108 1081 4197 capitum
1110 4109 1151 4175 ad

631 4228 657 4295 F
680 4237 707 4308 4
994 4280 997 4289 ,
1054 4221 1150 4291 moro
