2950 5092
313 435 387 514 250
452 405 504 444 ⁶
568 419 1157 557 bfflLIOTH.·RE1P.N0R.3

236 709 238 728 ἡ
312 614 431 686 fidebat
446 610 596 686 lohannes
612 609 893 702 Regiomontanus,
913 631 1134 693 commemorat
1150 619 1366 712 Doppclmayr,

311 745 393 842 {³³8⁶x
409 745 464 816 ¹3·
870 791 875 799 ·
969 750 977 806 l
1049 759 1052 768 “
1379 780 1381 849 u

296 961 315 982 „
393 857 464 966 lolii
480 897 605 992 Firmici
623 896 698 968 libri
713 893 1005 972 Astronomicorum.
1052 862 1138 974 mtto
1159 921 1289 992 quoque
1306 898 1365 970 sont

312 1010 475 1098 venetiis,¹
495 1027 597 1099 1497.
621 1013 678 1084 fol.
725 1083 730 1094 ¹
775 1071 781 1092 ,
838 1035 845 1056 ·
979 1064 982 1074 .

319 1153 324 1178 ’
392 1175 505 1250 Codex
527 1173 642 1244 latinus
671 1177 892 1264 Geographiae
915 1182 1083 1250 Ptolemaei
1109 1183 1381 1263 membranaceus,¹

310 1291 344 1358 in
357 1291 457 1358 forma
469 1289 579 1358 maiori
595 1293 757 1374 eleganter
775 1293 917 1379 scriptus.
942 1295 1068 1367 Constat
1078 1297 1132 1364 ille
1149 1276 1381 1397 nummi}

311 1403 388 1485 Sed,
418 1405 504 1491 quod
518 1407 699 1485 dolendum,
725 1409 879 1476 l’raefatio
906 1423 939 1478 et
961 1410 1082 1495 Capitis
1099 1413 1114 1475 1
1138 1408 1231 1475 Libri
1250 1409 1266 1475 1
1285 1410 1381 1492 quae-¹

309 1519 382 1587 dam
401 1519 528 1596 desunt:
553 1521 667 1608 reliqui
687 1543 764 1592 uero
780 1523 874 1591 Libri
894 1524 1010 1608 integri
1034 1537 1228 1610 conparent.
1270 1522 1366 1588 Tabu-

185 1623 196 1642 ‘
308 1633 358 1702 lae
386 1631 492 1734 saltem
519 1635 626 1706 xxm
657 1638 760 1706 textui
787 1636 857 1720 sunt
882 1637 1082 1717 subiunsiae,
1122 1657 1243 1723 eaeque
1271 1653 1366 1729 omncs

179 1751 181 1758 ’
307 1743 395 1833 ligno
408 1745 594 1836 insculptae,
617 1755 725 1839 quales
746 1773 861 1840 nempe
882 1756 914 1822 in
930 1742 1078 1822 Editionc
1094 1752 1231 1822 Vlmenfi
1259 1751 1302 1819 de
1315 1751 1365 1818 sin

307 1883 349 1934 no
381 1867 470 1946 1482
500 1863 675 1943 habentur,
716 1887 836 1954 exque
859 1867 1207 1971 desumtae'uidenturt
1240 1879 1365 1934 attamen

302 1987 443 2066 (quatuor
458 1999 587 2066 quoque
600 1981 726 2047 tabulae
744 1980 875 2062 desunt3
899 1983 1053 2068 siquidem
1067 1980 1230 2061 Vlmensrs,
1253 1994 1288 2076 et
1299 1981 1364 2048 aliae

306 2094 501 2194 antiquiores
518 2093 674 2162 editiones
695 2095 817 2189 tabulas
835 2097 960 2172 xxvu
980 2099 1152 2163 continent.
1176 2083 1365 2184 Subscriptio

186 2239 189 2248 ·
305 2209 434 2289 ultimae
454 2209 579 2278 tabulae
604 2209 711 2276 addita
728 2209 868 2290 testatur,
895 2231 947 2277 eas
971 2213 1084 2278 Vlmae
1109 2208 1197 2277 fuisse
1218 2213 1365 2302 membra·

285 2344 363 2392 -nae
382 2322 555 2408 impressas.
617 2311 767 2407 singulti
793 2326 918 2401 tabulae
946 2325 1108 2416 coloribus
1140 2323 1366 2426 elegantissimis

303 2435 374 2506 sunt
391 2437 503 2524 pislae,
531 2450 563 2508 et
582 2435 754 2507 diffinitae.
816 2438 970 2508 Additum
992 2459 1121 2526 quoque
1143 2441 1301 2525 Regnirma
1320 2437 1366 2517 nl·

298 2552 481 2646 pbabelicam
503 2553 586 2640 super
610 2535 669 2617 uiso
693 2552 779 2624 libros
801 2551 956 2618 Ptbolomel
980 2553 1092 2619 itidem
1117 2551 1151 2619 in
1172 2554 1364 2620 membranae

300 2669 389 2740 foliis
413 2663 456 2754 ²5
476 2663 644 2754 scriptume
683 2667 771 2754 quod
795 2665 853 2734 sub
872 2665 997 2750 lingulis
1019 2671 1161 2734 locorum
1179 2669 1363 2749 nominibus,

301 2781 423 2884 ordine
441 2780 653 2870 Alphabetico
677 2781 857 2865 collocatis,
901 2783 988 2848 sotum
1012 2800 1054 2848 cx
1074 2795 1178 2865 mente
1199 2782 1364 2854 Ptolemaei

133 2911 183 2990 .¹,
301 2897 440 2979 indicat,
474 2895 582 2966 addito
599 2915 662 2961 non
679 2893 776 2964 solum
793 2878 897 2966 Libro
921 2893 1216 2981 complectentur,
1254 2897 1289 2967 in
1308 2919 1362 2986 quo

298 3011 385 3083 illius
409 3003 602 3091 iit'mentio,
622 3005 678 3076 scd
695 3021 727 3077 et
738 3010 864 3092 tabula,
884 3009 918 3076 in
940 3029 1002 3097 qua
1021 3008 1076 3077 ille
1094 3011 1206 3085 melius
1222 3009 1320 3098 poffit
1335 3013 1362 3079 in

298 3132 394 3215 plano
417 3124 575 3213 cognosci.
615 3123 761 3216 Plurimis
779 3124 859 3193 locis
876 3122 1033 3210 adscripta
1054 3122 1125 3194 sunt
1144 3130 1229 3195 uaria
1252 3148 1381 3225 memo-p

297 3243 407 3320 sanda,
427 3241 591 3310 maximam
606 3247 730 3336 portem
749 3257 791 3306 cx
813 3239 1054 3331 Martyrologiis
1068 3239 1226 3324 desumta;
1261 3245 1305 3312 ita
1323 3255 1381 3337 tot

297 3377 384 3438 men,
408 3369 442 3425 ut
458 3353 646 3424 recentioris
662 3353 1081 3457 locorumdenominationis
1094 3355 1195 3423 maior
1213 3355 1361 3428 habeatur
1379 3352 1381 3463 l

193 3453 198 3476 ’
297 3471 399 3556 ratio,
434 3491 526 3559 qoam
546 3469 711 3556 antiquae,
745 3471 935 3558 tabulaeque
956 3469 1126 3538 modernae
1147 3468 1381 3599 Geograpbiael

295 3587 422 3675 saepius
438 3586 590 3656 uitentur:
614 3585 731 3672 quibus
747 3587 831 3652 forte
848 3585 889 3654 ad
903 3585 1026 3654 tabulas
1040 3583 1211 3654 modernae
1227 3589 1359 3670 Geogra·
1379 3604 1381 3637 ι

296 3703 408 3792 phire,
436 3701 554 3772 oNic.
580 3701 680 3770 Donis
704 3699 901 3783 delineatam,
931 3713 963 3771 et
987 3699 1145 3770 nonnullis
1169 3640 1381 3777 editionibus!

295 3813 365 3904 posi
381 3834 492 3888 annum
518 3817 609 3898 1480
631 3815 764 3897 additas,
784 3800 981 3900 respicituit⁴
1003 3811 1168 3888 Trasiatus
1189 3815 1253 3898 hic,
1276 3827 1356 3886 utet
1379 3828 1381 3891 t

245 3939 247 3948 ’
296 3931 377 4001 alius
394 3949 469 4006 mox
482 3925 685 4020 subsequens,
705 3929 782 4002 xm
796 3929 873 4004 folia
893 3925 1172 4036 comprehendens,
1191 3929 1356 4003 NJcoiaom

1259 4049 1356 4120 mom
