2950 5092
256 445 1220 569 m'mfflmffi.

176 664 180 675 ‘
256 635 466 740 proportione
486 647 550 716 dh
574 647 614 721 acl
637 647 658 714 lr
681 649 703 718 l.
739 647 843 718 omnia
866 655 972 716 autom
990 641 1158 715 nutriunt
1183 649 1322 728 preterx

211 777 215 785 '
260 769 294 842 d.
317 763 360 832 est
382 763 511 860 enimb
536 764 558 832 d
584 781 685 840 arcusa
700 773 793 830 nutus
816 775 950 847 propter
972 763 1170 832 latitudinem
1194 761 1324 830 secunde

261 883 348 954 stelle
377 883 436 951 dl
461 881 629 966 cognitam,
662 879 747 948 unde
767 891 798 946 tt
823 899 913 948 arcus
932 900 954 950 x
976 881 999 948 d
1019 880 1201 949 inuenietur
1226 875 1328 963 cogni·

265 1008 344 1068 rum
373 997 526 1078 Similiter
554 1015 613 1084 per
643 989 746 1062 omnia
779 994 960 1064 inuenietur
987 1014 1076 1063 arcus
1095 1014 1117 1062 x
1139 1016 1156 1060 e
1178 996 1331 1078 err-ligura

264 1111 287 1179 b
313 1129 333 1202 y
362 1131 433 1194 pe.
479 1113 675 1196 demptoque
697 1131 773 1178 arcu
793 1130 816 1177 x
840 1111 863 1178 d
890 1132 931 1180 en
955 1105 1030 1178 'arcu
1049 1129 1073 1176 x
1098 1129 1116 1175 e
1140 1109 1332 1193 relinquetur

268 1243 396 1298 arouse
421 1225 443 1292 d
470 1226 526 1312 qui
547 1227 750 1314 querebatur.
792 1227 910 1313 Quodsi
931 1227 1076 1308 figuratio
1101 1225 1191 1292 aliter
1218 1221 1335 1289 recide·

267 1353 318 1416 ret
340 1338 500 1426 precelsus
530 1339 708 1412 huiusmodi
734 1343 775 1410 ad
799 1342 955 1410 intentum
984 1342 1093 1429 paucis
1123 1341 1221 1407 robus
1244 1348 1337 1404 muta·

261 1437 312 1526 'tis
337 1477 393 1526 nus
419 1450 577 1526 tradutet.
630 1443 746 1524 Haben
766 1438 895 1542 insuprr
920 1457 997 1522 alios
1017 1443 1129 1524 modus
1147 1453 1339 1543 respondetr-

270 1573 307 1642 di
337 1585 368 1640 et
398 1571 565 1644 breuiores
596 1591 655 1658 pur
690 1557 850 1640 seientiam
883 1571 1112 1660 triangulorum
1144 1568 1342 1659 spheralium

266 1687 392 1776 ,quibus
410 1707 472 1752 non
497 1686 592 1756 libuit
614 1685 671 1766 uti,
696 1687 801 1760 donee
814 1686 976 1756 uidebitis
1000 1671 1233 1757 libellut‘meos
1255 1688 1344 1754 trian-

180 1865 186 1872 .
237 1799 485 1894 „gulotum.*)
527 1801 611 1872 Vsus
635 1796 739 1870 alutem
768 1798 834 1870 sum
864 1803 963 1886 figura
985 1798 1111 1869 seilorir
1134 1803 1168 1870 in
1194 1821 1258 1890 qua
1278 1819 1347 1888 prn-

275 1912 491 1986 fundilsrmam
515 1913 639 1982 habetis
661 1915 914 1998 intelligentiam,
940 1931 1094 2003 quatenus
1114 1914 1267 2002 iffumpta
1284 1931 1350 1980 mer

144 2071 151 2086 =
278 2032 381 2102 omnia
415 2029 691 2102 confiteremini
720 2031 875 2125 Oportuit
896 2039 1000 2098 autem
1026 2051 1067 2096 ex
1084 2027 1189 2099 uestra
1212 2027 1384 2129 γροιιιειι.

279 2150 358 2220 duaa
385 2145 500 2236 primas
521 2143 622 2214 stellas
636 2145 737 2214 ''else
727 2165 761 2214 ιιι
779 2145 934 2228 gradibus
962 2161 1013 2208 ro
1040 2145 1170 2213 minutis
1190 2151 1240 2226 48
1262 2141 1351 2212 'tauri
1383 2140 1385 2203 l

280 2265 407 2334 tertiam
433 2273 536 2330 autom
559 2260 692 2334 stellam
696 2260 814 2332 habere
837 2257 1013 2330 disturtiam
1034 2281 1052 2328 a
1074 2257 1210 2330 secunda
1232 2277 1284 2384 gr.
1301 2234 1386 2338 28.

281 2370 476 2454 minutorum
504 2381 560 2456 58
585 2395 647 2458 que
669 2378 894 2463 querebantur

401 2515 582 2630 Secundum
619 2553 782 2642 quesitum.
844 2556 941 2624 Diuilr
973 2571 1039 2621 100
1063 2577 1125 2643 prr
1152 2567 1278 2624 certum
1302 2573 1358 2622 nu·

203 2743 206 2748 ,
285 2693 424 2752 merum,
465 2671 581 2740 deinde
603 2671 690 2740 dluiu
717 2686 783 2736 100
806 2691 866 2758 per
892 2675 1027 2740 eundem
1054 2670 1224 2740 diuisurem
1247 2670 1361 2752 additis

288 2795 324 2870 8.
345 2789 460 2859 summa
477 2797 579 2854 autern
603 2803 642 2850 ex
667 2779 805 2852 numeris
828 2787 973 2877 quotiens
994 2787 1164 2862 resultabat
1184 2804 1250 2871 40.
1279 2791 1364 2878 Que-

287 2905 370 2974 ritur
396 2897 551 2986 quantitas
577 2899 671 2986 primi
698 2901 856 2977 diuisnris.
898 2901 1019 2973 Primus
1041 2901 1160 2972 diuisor
1187 2906 1250 2972 fuit
1275 2899 1365 2968 radix

291 3035 443 3122 quadrata
464 3029 505 3097 de
534 3035 601 3128 aa}
620 3035 761 3124 dempto
784 3057 824 3106 ex
849 3011 1048 3138 ipsa'raalice
1079 3025 1131 3118 1⁴8.
1159 3035 1246 3104 unde
1275 3034 1368 3103 etiam

258 3173 259 3185 ’
290 3177 447 3254 secundus
467 3176 588 3292 diuisor
613 3181 675 3252 luit
691 3184 788 3254 radix
811 3187 855 3256 de
880 3185 947 3270 228
973 3184 1090 3253 additis
1113 3175 1169 3264 ὀὶ.

411 3403 571 3474 Tertium·
633 3407 773 3496 Quidam
792 3406 919 3478 acceffit
939 3409 980 3478 ad
1007 3404 1202 3494 campsorem
1221 3423 1299 3490 cum
1327 3417 1371 3466 ro

294 3517 420 3588 florenis
446 3531 477 3588 et
503 3517 587 3608 ipsos
609 3522 734 3608 campsrt
757 3523 791 3591 in
812 3524 931 3608 grossos
953 3536 1150 3600 uenetorum
1180 3519 1372 3608 accipiendo

295 3623 416 3704 scilicet
436 3653 496 3717 pro
519 3637 564 3704 eis
586 3649 703 3705 uertant
723 3633 872 3718 summam
896 3638 1079 3721 mortorum.
1103 3657 1145 3705 ex
1171 3656 1233 3725 qut
1256 3635 1377 3720 summa

298 3747 430 3838 dempsit
451 3743 497 3815 60
513 3749 631 3837 grossus
654 3764 685 3820 et
702 3752 790 3844 ipsos
809 3755 972 3842 recamptit
991 3753 1026 3822 in
1046 3759 1182 3822 tlorenos
1200 3749 1380 3820 secundum

299 3859 385 3988 idem
410 3869 567 3940 cambium
588 3880 623 3940 ut
643 3868 744 3958 prius.
789 3889 854 3959 quo
880 3868 962 3940 fatto
987 3872 1110 3961 reperit
1135 3868 1315 3956 scitabere
1340 3881 1381 3930 ex

1263 3976 1385 4070 grosfis

336 4130 366 4206 *J
384 4130 439 4198 Vll.
451 4135 523 4212 supra
538 4153 596 4212 pag.
612 4155 658 4208 90.
