2950 5092
248 532 256 552 ·
358 501 516 648 ‘insu
542 469 963 612 nuerononrnnr.
1124 501 1219 620 ιμ’
1280 472 1285 488 ’

98 773 100 796 r
573 709 576 718 Ι
613 755 616 762 ’
644 721 678 796 8·

98 801 102 858 s
292 836 361 905 Folr
386 793 444 932 sq,
471 776 480 858 s

98 967 99 1022 7
210 947 410 1038 Respondssti
430 967 532 1035 nuper
556 944 753 1034 ulr'optime
778 945 893 1016 litteris
912 945 991 1014 meir
1011 945 1198 1019 nonninus

98 1087 99 1124 ς
142 1061 335 1150 deiloquam
357 1067 528 1149 eleganter,
548 1061 678 1150 uotique
699 1061 834 1129 mesine
856 1074 1034 1146 compotem
1054 1061 1199 1131 reddidi·

143 1160 196 1244 lli:
232 1197 416 1265 quamquam
446 1177 756 1248 enim'm'ultltudine
783 1175 878 1244 nimia
914 1177 1145 1262 problematum
1164 1191 1199 1245 te

98 1317 101 1388 '.
145 1291 386 1376 aggressurum,
427 1294 561 1382 perinde
587 1311 622 1359 ac
643 1293 663 1360 lr
685 1290 895 1361 eruditionem
919 1311 1018 1359 meam
1045 1272 1198 1361 ostentare
1326 1324 1330 1336 ·

99 1395 102 1411 ¹
143 1407 311 1474 noluerim:
356 1429 420 1476 non
447 1419 549 1475 tamen
575 1405 636 1480 alio
662 1407 789 1472 ferebar
814 1404 868 1472 nisr
887 1394 1199 1476 adbeniuolentiam

142 1527 215 1584 tuam
236 1521 468 1608 repellendam:
498 1531 650 1608 qnatenus
673 1520 810 1588 amicitia
831 1521 908 1588 inita
933 1518 1121 1590 alteralteri
1143 1541 1200 1590 uo·

141 1629 207 1718 lbpe
232 1633 305 1703 esset
328 1633 453 1703 assiduis
479 1627 768 1703 conuersationibus
799 1633 1104 1725 intercedentibus„
1127 1635 1200 1702 Her

142 1761 199 1816 errt
227 1763 309 1818 meta
341 1751 429 1819 cuius
455 1743 637 1832 attingende
671 1747 770 1830 gratia
797 1744 925 1818 eursum‘
940 1749 1058 1819 institui
1083 1766 1199 1836 meum,
1336 1778 1339 1789 ·

142 1881 223 1946 qurm
244 1885 305 1950 pro
326 1863 476 1932 sententia
496 1859 602 1930 naslue
623 1855 699 1928 sum·
762 1863 859 1949 Quod
884 1874 987 1932 autem
1008 1878 1054 1932 tor
1076 1865 1201 1950 generi·

99 1994 101 2003 ·
140 1973 191 2044 bru
214 1953 446 2066 problematum
471 1987 503 2042 te
529 1973 743 2056 incitauerim‚
777 1977 852 2065 inde
874 1985 991 2059 euenit,
1028 1992 1062 2046 ut
1083 1980 1202 2048 certior

141 2091 235 2158 ierem
260 2086 445 2179 quibusnam
465 2087 574 2157 studiis
596 2085 787 2176 potissimum
808 2091 1008 2165 exercearist
1040 2081 1201 2176 igiturex

99 2251 100 2302 i
142 2203 246 2272 litteris
272 2205 337 2274 tuis
365 2204 513 2274 aliturum
540 2201 643 2272 studio
669 2217 700 2272 te
729 2203 880 2272 obleiiari
906 2209 1094 2291 perdidici:
1135 2231 1200 2280 non

99 2317 103 2431 ζ
140 2327 249 2388 tantum
270 2331 374 2388 motus
397 2339 505 2388 eorurn
522 2321 637 2404 ligures
660 2317 891 2401 magnitudines
915 2321 1075 2396 distantius
1097 2337 1128 2394 et
1148 2345 1201 2393 ee·

98 2455 99 2458 ¹
139 2443 198 2526 tera
216 2429 409 2501 huiusmodi:
443 2449 552 2532 uerum
579 2435 682 2515 etiam,
710 2445 741 2501 et
766 2434 801 2500 id
823 2431 953 2522 quidem
977 2435 1202 2522 ardentifflme‚

139 2549 261 2618 influxus
284 2567 393 2616 eorunr
413 2567 449 2612 ac
472 2545 598 2616 effebus
619 2549 651 2616 in
673 2549 835 2615 elementis
856 2558 887 2615 et
913 2549 1104 2619 elementatis
1127 2572 1203 2621 con·
1308 2634 1312 2640 .

138 2668 332 2751 templaodor
372 2681 435 2748 quo
451 2661 574 2730 ¹rellius
601 2661 677 2730 rnihi
713 2661 843 2730 uidetur
870 2681 931 2730 non
964 2674 1047 2733 tanta
1073 2664 1202 2754 pollhae

99 2822 103 2841 .
139 2797 233 2846 rerum
260 2775 609 2865 uarietatejludendum
639 2774 718 2857 elle,
759 2773 815 2880 seri
836 2773 942 2862 potius
963 2779 1002 2847 ad
1023 2779 1084 2849 hoc
1103 2801 1202 2853 unum

99 2850 103 2989 i
139 2891 289 2961 dumtaxat
319 2891 462 2960 diuinum
486 2888 623 2960 lludium
648 2887 766 2956 animos
792 2885 913 2959 nostroe
938 2900 1113 2982 appellere.
1146 2917 1203 2966 ne·

99 2996 104 3107 ζ
138 3025 183 3072 mo
201 3007 284 3076 eoim
312 3007 367 3074 nisr
391 3001 580 3074 doitiffimue
602 2993 696 3094 atqie
719 3001 812 3071 libris
832 3004 1020 3075 multiuariis
1043 3008 1202 3098 stipatissr·

139 3139 198 3188 mus
218 3122 313 3192 tantis
338 3133 369 3189 et
389 3131 458 3213 tam
472 3119 601 3190 diuersis
621 3119 718 3188 rebus
738 3116 864 3186 abunde
884 3117 1102 3209 respondebit.
1135 3126 1212 3196 larn'
1247 3113 1253 3130 ⁸

138 3251 172 3300 ne
186 3235 311 3320 prolixe
331 3232 516 3319 defatigeris
532 3245 685 3320 apparatu
707 3233 748 3299 ad
769 3231 921 3304 exercitia
944 3235 1051 3309 nostra.
1066 3238 1201 3309 uenien-

98 3320 103 3411 Ι
139 3349 205 3418 dum
236 3346 361 3418 censeo.
405 3367 509 3435 oeque
538 3363 613 3431 egre
640 3349 774 3416 laturum
810 3361 843 3417 te
868 3351 1026 3434 arbitror,
1065 3355 1203 3444 srpriue

141 3465 330 3548 problemata
353 3463 468 3562 quibus
489 3459 676 3548 respondisti
696 3462 868 3551 parumper
891 3467 1123 3538 retraliaueroe
1159 3471 1206 3540 ita
1255 3515 1260 3522 -

99 3596 102 3609 ·
140 3587 188 3646 tua
210 3579 288 3648 mihi
314 3573 483 3663 persuadet
502 3577 652 3647 facilitas.
716 3578 855 3647 Primum
880 3584 1045 3668 problema
1065 3586 1207 3657 habebat

98 3616 103 3793 s
139 3695 247 3776 gradus
275 3687 319 3758 16
339 3695 457 3760 minuta
479 3689 524 3780 3¹7
545 3689 579 3760 in
600 3687 804 3760 aseendente:
832 3676 937 3784 cuspis
958 3712 1067 3793 autem!
1089 3702 1207 3788 quinte

139 3807 241 3877 domur
267 3817 334 3876 erat
352 3805 430 3890 inj7
453 3805 604 3889 gradibus
630 3819 663 3874 et
688 3811 730 3882 rii
752 3808 880 3878 minutis
901 3811 1052 3898 uirginis:
1090 3817 1125 3885 id
1146 3814 1202 3899 est,

96 3882 102 4011 s
141 3921 395 4006 quemadmodum
414 3932 449 3990 tu
474 3918 628 4010 recepisti,
646 3920 679 3988 in
697 3919 832 4010 cuspide.
849 3926 958 4013 quinte
979 3932 1092 3999 domus
1113 3945 1202 4002 erant
1257 3968 1260 3980 ·
1309 3931 1314 3958 '

142 4037 252 4120 trador
273 4035 297 4105 6
318 4049 349 4110 et
370 4037 488 4110 nu'nuta
518 4041 559 4119 ¹8
584 4037 733 4144 completi
760 4047 822 4108 ete.
884 4041 1007 4175 Deqplli
1030 4050 1102 4119 loeo
1126 4043 1205 4116 sub'e'

386 4173 389 4182 ’
987 4214 991 4223 .
1084 4160 1201 4245 gradus
