2950 5092
307 460 465 549 nnsn
492 454 922 592 necronournur.
1100 490 1151 567 79
1213 410 1239 481 ¹
1365 384 1366 429 Ν

113 662 223 731 liscum:
249 662 334 749 quod
352 660 431 729 mihi
451 661 548 729 ualde
568 669 695 745 gratum
716 655 810 739 esset,
847 660 923 748 quia
949 656 1153 750 summopere

111 780 220 847 deldero
236 777 302 847 illes
320 778 363 845 ad
381 794 492 843 manus
510 773 707 861 peritorum,
730 786 769 843 ut
796 794 856 843 uos
881 773 972 859 estis,
998 780 1155 875 perueni-

110 904 176 972 rent,
210 905 240 961 et
266 892 330 961 imo
354 904 392 961 ut
416 910 475 960 uos
500 890 537 957 in
561 887 707 976 pratieha
741 888 937 974 operationis
963 891 1154 963 tabellarum

111 1031 219 1078 neuun
239 1007 412 1078 secundum
433 1003 612 1075 doctrinam
640 1006 806 1073 Canonum
837 1007 1042 1091 operationes
1065 1028 1155 1079 meas

110 1124 371 1212 comprehendatis:
396 1120 684 1207 Concluionesque
695 1103 865 1211 meas'per
884 1122 1017 1189 tabellas
1036 1144 1156 1215 appro-

108 1239 188 1307 undo
204 1238 388 1309 describam.
446 1235 656 1305 Manifestum
674 1234 745 1319 est,
779 1238 869 1326 quod
886 1231 908 1305 n
931 1258 993 1325 per
1012 1239 1156 1307 latitudi·
1233 1246 1236 1253 '

110 1373 150 1418 ner
172 1351 250 1423 {telle
276 1351 451 1422 declinatio
473 1350 637 1421 inuenitur
667 1352 797 1438 et'per
817 1352 1049 1442 *operationem
1080 1374 1157 1422 eon·

108 1465 218 1534 uersam:
252 1490 314 1557 per
337 1466 586 1535 declinationem
614 1464 816 1535 latitudinis
856 1469 1063 1537 inuenietur:
1099 1470 1157 1537 Sa·

107 1582 183 1664 pienti
203 1602 300 1670 pauca
322 1580 497 1651 sufficiunt.
538 1583 578 1650 Et
601 1580 874 1669 fiResponsroncs
903 1604 990 1651 meas
1015 1584 1057 1653 ad
1084 1583 1157 1653 Lit-

107 1706 167 1763 teras
191 1697 303 1767 uestras
331 1698 372 1765 -in
409 1699 542 1783 longum
574 1695 731 1765 deduuae
758 1694 849 1781 sunt,
886 1700 1014 1768 ueniam
1044 1698 1157 1785 queso.

109 1810 223 1885 Nande
241 1811 349 1883 mense
368 1809 453 1880 lunii
472 1807 565 1879 crosa
596 1810 740 1878 euitandi
770 1812 907 1880 dubium
930 1814 1049 1900 peliis,
1090 1816 1157 1893 hue

108 1946 158 1993 cun
179 1940 239 1996 tota
269 1926 390 1997 familia
413 1946 484 1994 mea
506 1926 548 1993 ad
572 1922 777 2013 possessiones
804 1944 890 1993 meas
912 1926 1073 2014 applicuit
1098 1929 1158 1999 ubi

108 2060 135 2105 er
152 2044 285 2113 mandato
314 2036 512 2110 lllnstrillmi
532 2039 664 2108 Domini
688 2041 753 2108 mei
784 2040 883 2109 Ducis
907 2040 982 2109 data
1009 2041 1054 2109 est
1077 2043 1159 2113 nrihi

109 2176 160 2223 cura
186 2159 277 2229 totius
304 2156 394 2225 istius
412 2154 582 2243 pollicini,
620 2152 725 2242 ipsum
751 2156 827 2225 totis
854 2155 978 2225 uiribus
1005 2178 1024 2225 a
1050 2171 1173 2262 contag

108 2272 177 2353 gione
198 2277 294 2361 pellis
321 2270 563 2339 conseruando:
596 2270 655 2339 ubi
676 2290 738 2357 per
763 2291 815 2339 me
838 2272 930 2357 politi
950 2270 1022 2342 sunt
1051 2272 1158 2345 custo·

108 2386 146 2452 des
162 2388 192 2457 in
212 2391 291 2461 locis
314 2383 516 2477 opportunis,
536 2395 572 2452 ut
597 2384 698 2471 aliqui
718 2386 884 2453 uenientes
909 2407 928 2455 a
948 2389 1028 2457 locis
1049 2389 1189 2484 suspe-³

109 2497 157 2581 sois,
172 2502 230 2571 huc
248 2525 316 2572 non
337 2511 554 2589 apparerent:
592 2501 667 2568 Nec
692 2499 792 2587 aliqui
818 2500 852 2569 in
873 2505 1035 2589 polliceno
1061 2506 1160 2577 huius

107 2609 270 2701 inhiantes,
303 2616 346 2684 ad
379 2620 452 2683 loca
481 2612 625 2703 suspesla
656 2616 811 2685 accedant
841 2618 966 2707 absque
1000 2620 1156 2693 licentia:

108 2732 285 2801 condonando
314 2742 347 2799 et
367 2732 534 2817 puniendo
552 2733 789 2819 delinquentes,
815 2750 857 2799 ex
878 2733 996 2820 quibus
1016 2756 1080 2803 non
1100 2754 1160 2821 pa·

107 2863 156 2912 run
177 2847 325 2923 eltercitii
343 2845 492 2947 incurrit.
532 2845 600 2915 Sed
632 2849 717 2915 ultra
741 2850 822 2927 boc,
851 2868 950 2935 quum
978 2870 1087 2918 omnes
1114 2850 1160 2919 de

108 2960 196 3029 senilia
218 2985 303 3049 mea,
326 2983 364 3031 ao
382 2961 478 3045 etiarn
497 2958 688 3047 Speslabilis
711 2962 756 3033 D.
774 2962 930 3033 Aniballis
950 2962 993 3031 de
1006 2965 1161 3045 Gonzaga
1215 3029 1220 3042 ,
1271 2952 1275 2959 ’

108 3090 181 3153 gener
204 3101 320 3161 meus,
354 3075 437 3167 pule
461 3075 533 3147 sunt
562 3078 732 3159 febribus,
766 3078 843 3149 ficut
867 3079 962 3145 multi
988 3075 1160 3147 Conuicini
1263 3104 1267 3109 ·
1329 3139 1333 3161 ,

106 3190 163 3273 pust
184 3193 264 3269 sunt.
308 3198 348 3265 Et
385 3192 512 3263 consors
535 3214 606 3263 mea
631 3215 650 3262 a
675 3194 780 3263 tribus
804 3195 960 3263 menibus
990 3191 1088 3289 citra,
1126 3202 1162 3263 et
1250 3231 1262 3293 '.

108 3307 134 3369 ad
153 3311 231 3381 diem
257 3310 441 3403 presentem
465 3330 484 3377 a
509 3322 660 3397 quartana
680 3310 857 3392 retinetur,
883 3321 917 3379 et
939 3326 1002 3395 ego
1027 3308 1164 3397 quidem

107 3422 134 3487 ³b
155 3428 314 3515 aliquibus
337 3429 465 3497 diebus·
481 3426 583 3511 citra,
626 3440 659 3496 et
694 3428 751 3496 die
784 3423 927 3515 presenti
960 3444 978 3491 a
1011 3424 1183 3492 febribus*

110 3538 188 3619 ¹[aistis
209 3541 291 3614 som.
339 3544 446 3632 Spero
469 3555 574 3612 tamen
600 3544 641 3612 ab
677 3541 746 3631 ipsa
775 3544 809 3610 in
829 3542 923 3635 breui
944 3540 1092 3623 liberari,
1127 3546 1164 3609 et

108 3652 223 3727 iniliter
242 3662 310 3729 filia
327 3681 409 3741 mea,
433 3679 516 3728 uxor
534 3660 576 3729 D.
597 3658 757 3731 lifiiballis
781 3681 800 3729 a
824 3659 918 3728 febre
943 3640 963 3722 i
989 3675 1052 3745 qua
1078 3652 1164 3743 pati·

109 3781 158 3854 lut,
190 3774 385 3845 liberabitur
409 3776 486 3841 dato
511 3776 600 3862 quod
625 3798 644 3843 a
674 3770 877 3871 grauissimo,
889 3774 1035 3864 periculo
1070 3768 1164 3841 cuasa

110 3880 137 3947 ¹2·
172 3888 276 3976 Spero
302 3878 407 3959 tamdn
431 3890 563 3959 domino
588 3895 785 3963 concedente
809 3910 883 3963 cum
911 3889 1101 3969 securitate,
1128 3896 1163 3955 et

109 3993 179 4091 [repe
201 4006 373 4081 uobiscum
398 4010 567 4085 conferret
590 4028 651 4082 nec
669 4006 763 4081 uobis
784 4005 951 4083 molestum
971 4003 1034 4077 eris
1052 4002 1167 4075 Dubia

1055 4114 1161 4191 uelles
1275 4138 1285 4165 .
