2950 5092
273 482 330 564 aa
533 472 788 562 emmona.
816 474 949 559 nere.
972 420 1097 566 non.

283 668 382 736 smum
406 664 695 737 renumerante
720 663 793 737 solie
824 692 841 741 a
864 672 997 741 meridie
1017 670 1050 739 se
1070 673 1188 741 habere
1215 674 1290 743 ficut
1319 675 1356 745 st·
1391 726 1392 751 t

282 802 344 849 nus
366 782 587 865 complementi
609 784 833 855 declinationis
853 788 920 857 eius
946 789 986 857 ad
1008 789 1230 867 stromateus,
1259 810 1357 874 quem

262 980 265 986 ¹
283 894 386 965 uestra
409 896 542 983 quoiuit
559 897 747 968 dominatio.
791 900 843 969 Ad
863 898 923 967 hce'
944 913 1048 969 autem
1065 904 1261 989 problemata
1282 902 1360 969 leri·
1391 884 1392 893 ἵ

283 1012 392 1079 benda
416 1032 467 1077 mc
493 1031 595 1097 nuper
618 1010 810 1096 stimulastis,
844 1036 942 1103 quum
977 1018 1081 1099 primo
1107 1016 1210 1085 uestro
1237 1020 1357 1104 qurltto

283 1124 541 1213 respondendum
563 1140 643 1195 erat.
685 1128 774 1198 Duos
799 1132 861 1197 iam
886 1134 986 1197 ferme
1011 1129 1105 1201 huius
1125 1112 1232 1217 operis
1253 1128 1361 1197 absol-

282 1242 318 1309 ui
344 1242 443 1309 libros
470 1242 671 1326 pedetentim
697 1246 838 1331 reliquos
865 1246 1014 1313 undecim
1036 1244 1256 1329 expediturus.
1305 1246 1360 1310 ln·

281 1355 370 1423 ttitui
393 1368 498 1424 antem
522 1356 751 1442 uilliconum,
785 1378 847 1443 que
873 1360 906 1427 in
936 1356 1110 1445 'epitomate
1135 1359 1250 1433 tradita
1273 1354 1362 1436 sunt,

282 1469 319 1537 in
342 1468 524 1539 huiusmodi
543 1473 797 1556 problematibus
822 1467 1003 1561 repetere(
1029 1476 1114 1542 Nam
1136 1491 1199 1558 quo
1223 1472 1361 1556 proble-

280 1596 365 1654 urata
385 1586 620 1669 intelligantur,
659 1588 841 1675 epitomatls
870 1588 1071 1685 precognitio
1104 1585 1270 1655 neccffaria
1300 1584 1360 1652 est.

199 1757 201 1768 .
282 1699 351 1768 Sed
376 1721 439 1785 qno
465 1701 530 1769 ruit
555 1703 715 1771 celamus?
736 1700 877 1779 Dabitis,
907 1699 1023 1784 spero,
1052 1704 1193 1781 ueniam,
1215 1703 1234 1767 sr
1253 1708 1361 1786 paulo

281 1816 442 1901 prolixior
465 1818 592 1899 tumim,
617 1818 805 1903 etquidem
828 1838 893 1883 non
917 1816 978 1883 fine
1001 1804 1101 1883 ue'stra
1126 1815 1236 1898 gloria.
1283 1815 1363 1879 Hec

238 1982 243 1991 .
283 1926 380 2008 enim,
405 1948 469 2015 que
493 1930 563 1998 dixi
588 1951 688 2016 opera
707 1930 829 2001 iudicio
850 1928 954 1998 uestro
980 1931 1142 1999 offerenda
1164 1926 1271 1997 ce'nsni
1292 1949 1362 2015 quo

280 2044 357 2128 plue
372 2027 574 2115 'enuntietis
592 2045 819 2145 nanciscantur.
863 2046 912 2111 De
933 2045 981 2111 hir
1002 2044 1085 2115 satia.

254 2244 258 2251 .
341 2194 488 2279 Amplius
507 2192 613 2259 littere
635 2190 739 2259 uestra
760 2190 1006 2277 interrogatorie
1028 2180 1147 2261 hab'erit
1173 2191 1266 2266 illud.

344 2338 381 2405 ln
404 2340 521 2425 quefito
543 2338 646 2407 uestro
674 2337 812 2411 secundo
841 2344 881 2409 'et
907 2271 1095 2431 responsent(
1134 2361 1203 2407 mea
1227 2340 1367 2409 inuenta

165 2483 168 2497 =
286 2450 331 2517 est
358 2453 494 2539 quedam
514 2451 601 2524 stella
625 2456 657 2522 in
679 2473 727 2541 gr.
750 2471 772 2542 9
794 2456 922 2559 minutis
944 2472 985 2542 15
1008 2430 1107 2525 leofiis
1124 2477 1195 2524 cum
1215 2455 1367 2524 latitudi-

197 2644 205 2663 .
282 2586 325 2634 ne
338 2568 492 2652 graduum
509 2584 552 2655 57
572 2572 763 2639 minutorum
785 2568 1085 2682 cleptentrionalir.
1128 2572 1237 2657 Quero
1255 2572 1275 2639 sr
1296 2594 1366 2657 per

283 2683 381 2753 alium
407 2686 560 2752 calculum
581 2683 751 2753 declinatio
772 2685 866 2773 ipsius
889 2707 967 2753 uere
989 2683 1033 2754 est
1055 2703 1104 2771 pr.
1126 2680 1172 2769 69
1196 2684 1271 2752 min.
1296 2700 1368 2771 35.

281 2796 403 2865 deinde
430 2799 630 2869 altitudinem
650 2799 745 2883 ipius
767 2802 808 2867 ab
834 2801 979 2869 orizonte
998 2791 1075 2912 bora
1097 2798 1207 2877 tertia,
1233 2798 1368 2869 minuto
1393 2800 1394 2803 ’

282 2924 330 2997 25
357 2908 428 2997 post
448 2910 543 3001 ipsrua
568 2912 797 3013 separationem
819 2936 837 2982 a
862 2915 944 2983 linea
965 2914 1149 2983 meridiana.
1195 2916 1265 2981 Hec
1286 2910 1370 2986 sunt

281 3017 384 3093 uerba
395 3028 619 3097 dominationis
633 3028 745 3098 uestre.
787 3030 916 3098 Reuera
930 2991 1097 3115 (perdatis)
1110 3024 1227 3110 nescio,
1250 3040 1372 3103 utrum

283 3160 326 3206 ex
346 3140 511 3231 suppofitis
529 3144 609 3213 meir
630 3144 783 3213 uidelicet
804 3166 882 3213 nero
903 3148 974 3212 loco
999 3143 1033 3211 in
1048 3144 1196 3231 ecliptica
1222 3156 1254 3212 et
1273 3167 1377 3236 pun-¹

283 3252 334 3322 no
356 3258 556 3327 mediationis
584 3259 645 3329 celi
669 3260 815 3329 inuenire
842 3260 979 3328 iubeatia
1013 3257 1245 3327 declinationes
1270 3262 1369 3329 eius:

282 3391 323 3438 an
343 3374 450 3459 potius
474 3392 515 3441 ex
539 3378 611 3442 loeo
640 3378 707 3443 eius
730 3375 763 3443 in
793 3374 941 3463 ecliptica
967 3394 1038 3442 cum
1067 3374 1245 3443 latitudine.
1286 3396 1372 3447 nam

281 3477 389 3573 n'eque
415 3486 488 3556 sans
508 3489 687 3574 intelligere
706 3489 828 3579 possum
854 3510 989 3577 quonam
1009 3491 1104 3559 modo
1127 3512 1184 3561 noa
1213 3510 1254 3559 ex
1282 3487 1372 3579 sup-

262 3603 392 3691 ‘polrtir
416 3605 496 3673 meir
521 3606 791 3675 declinationibus
817 3604 904 3674 stelle
925 3604 1124 3673 inueneritis.
1170 3589 1238 3675 Sed
1265 3590 1373 3677 exer·

283 3718 353 3785 citii
377 3720 478 3802 gratia
501 3722 542 3788 ad
563 3701 746 3808 utrumque
759 3719 954 3810 respondere
974 3719 1131 3796 conabor,
1166 3720 1186 3787 st
1212 3720 1300 3804 prius
1327 3726 1374 3791 fi-

226 3911 232 3921 *
282 3850 396 3919 puram
418 3833 494 3901 huic
520 3837 570 3903 rei
596 3836 784 3924 op‘ortunam
804 3832 1014 3922 descripsero.
1040 3832 1080 3918 *)
1127 3832 1175 3903 sit
1196 3854 1273 3920 ergo
1300 3858 1374 3905 co.

282 3948 372 4020 lutus
406 3942 605 4021 solstitiorum
635 3974 654 4021 a
682 3954 705 4023 b
730 3953 798 4042 gd
831 3950 981 4040 subque
1014 3948 1168 4021 medietas
1196 3955 1374 4039 equatoris

276 4153 281 4164 .
395 4145 400 4157 1
1257 4088 1276 4137 8
1295 4088 1315 4135 θ
1341 4090 1374 4157 g*

317 4188 422 4265 ⁸)v1d.
440 4192 502 4257 Τὼ,
526 4210 551 4267 ς,
575 4199 627 4273 rig.
644 4199 666 4255 1.
