2950 5092
297 436 347 524 96
542 416 799 497 umuour
826 416 958 505 nmo.
983 418 1105 501 nou.

213 606 219 629 '
253 624 256 631 '
363 617 409 685 16
437 618 599 703 ungulum
636 633 680 681 err
710 613 910 693 coincidentia
946 617 1095 704 ecliptico
1132 628 1165 687 et
1198 596 1354 691 meridiani

165 746 172 757 ‘
283 736 383 819 'apud
406 733 576 821 quodlibet
594 728 747 817 paudum
761 730 909 818 ecliptice
933 732 1180 817 prouenientem
1202 756 1355 822 compren-

296 851 387 916 dere.

365 979 409 1048 ¹7
429 963 590 1049 Angulum
612 982 655 1029 ex
685 957 839 1031 concursu
858 960 1007 1047 ecliptico
1036 974 1069 1032 et
1090 962 1242 1033 orizontis
1261 964 1357 1039 orien-¹

295 1080 366 1147 talio
385 1090 587 1166 procreatum
605 1076 821 1161 pronuntiare.

359 1233 402 1305 18
435 1228 653 1317 Qumtitrtem
678 1224 787 1313 anguli
812 1244 853 1293 ex
882 1228 1028 1313 eruption
1053 1240 1085 1298 et
1111 1221 1232 1297 circulo
1246 1226 1358 1297 ultiu-

293 1343 379 1442 dinir
398 1343 546 1425 produui
565 1344 748 1431 exquirere.

359 1504 403 1575 19
429 1492 519 1559 Idem
546 1490 638 1558 aliter
657 1490 940 1577 comprehendere.

357 1660 403 1707 ιο
431 1640 529 1729 Quod
555 1640 620 1709 due
654 1638 866 1725 precedentes
900 1638 1113 1725 promiserunt
1142 1638 1206 1708 alio
1239 1634 1361 1709 tramite

291 1755 495 1845 perferunt.
1223 1774 1229 1789 ·

361 1888 403 1935 21
428 1871 568 1939 Gradum
588 1866 808 1937 ascendentem
828 1870 882 1938 uel
898 1868 1050 1955 punitum
1069 1870 1201 1939 orientis
1219 1870 1256 1935 in
1280 1860 1363 1933 omni

205 2036 211 2045 ·
291 1988 425 2077 regione
450 2000 483 2055 et
502 1985 590 2053 omni
609 1980 688 2051 horr
705 2002 766 2069 per
786 1984 867 2051 hanc
887 1988 1027 2055 tabulam
1046 1989 1222 2055 elaborare.

353 2153 398 2199 22
421 2133 549 2231 Siquis
575 2128 798 2199 ascendentem
821 2133 856 2199 in
880 2132 1014 2217 regione
1045 2133 1190 2219 qualibet
1214 2129 1362 2199 hebuerit

292 2271 356 2339 quo
376 2246 468 2335 patto
488 2244 630 2313 medium
651 2247 714 2315 celi
732 2244 914 2329 inuestiget,
938 2248 1164 2318 mmudueere.
1269 2252 1276 2263 ”

359 2411 404 2483 23
438 2398 474 2462 In
495 2394 583 2461 omni
608 2394 740 2477 regione
760 2392 962 2461 altitudinem
980 2389 1053 2461 solis
1072 2389 1166 2477 supra
1184 2394 1362 2461 orizontem

290 2511 436 2580 exeuntis
459 2528 661 2596 quecumque
679 2507 759 2575 hora
777 2508 851 2575 dan
870 2507 963 2575 aliter
982 2529 1075 2595 quam
1094 2506 1241 2593 superius
1267 2509 1363 2577 dinu-

287 2648 425 2699 merare.
1092 2604 1097 2609 ¹

351 2768 399 2837 24
419 2755 538 2821 Arcum
573 2752 727 2823 orizontis
765 2773 862 2839 quem
881 2750 964 2821 secut
985 2750 1123 2821 circulus
1150 2750 1302 2823 horarius
1324 2772 1363 2822 ex

289 2892 330 2939 eo
347 2869 604 2953 deprehendere.
641 2870 724 2956 Quis
747 2868 903 2951 iturus,
924 2888 1018 2957 quam
1037 2869 1186 2953 fignifieo,
1216 2874 1300 2941 alibi
1319 2876 1366 2941 lu·,

292 2986 492 3059 eubnbitor.
605 3028 610 3040 ·
1303 3062 1305 3067 ,

353 3117 398 3187 25
420 3102 539 3169 Arcum
570 3100 681 3167 circuli
705 3099 836 3167 orientis
867 3118 961 3187 quam
982 3100 1126 3168 horarius
1147 3102 1290 3189 quilibet
1325 3094 1382 3173 ert¹

173 3280 177 3287 ,
289 3236 328 3283 eo
348 3214 432 3283 secet
453 3216 599 3296 circulus,
619 3214 811 3287 mensurare.

350 3360 399 3428 26
421 3362 536 3433 Punite
554 3364 699 3434 flexionis
724 3363 928 3435 tenebrarum
952 3361 987 3431 in
1012 3361 1177 3450 erliplbur
1203 3358 1382 3437 «Ιοιειιιιῑιιἰ

288 3494 375 3550 oue.

349 3622 396 3691 27
430 3610 566 3694 Cognito
596 3618 667 3684 loco
688 3632 767 3683 uero
791 3612 879 3685 stelle
908 3612 972 3681 fixe
999 3616 1160 3685 concine
1185 3620 1366 3697 letitudine

205 3716 210 3727 '
287 3718 532 3792 declinationem
549 3723 637 3797 suam
656 3733 698 3799 eb
719 3742 870 3819 equrtore
891 3726 1052 3801 sciscitari.

345 3872 391 3945 28
413 3836 563 3941 noottom
588 3880 743 3967 ecliptice
771 3900 844 3954 cum
868 3898 932 3967 quo
960 3874 1047 3948 stella
1070 3878 1213 3969 quelibet
1254 3890 1366 3961 celum

287 3984 418 4073 oretur,
438 3986 663 4075 dnerminare.
