2950 5092
267 444 273 457 ·
393 429 548 553 norst.
575 424 899 549 nnnncnrnn
1087 413 1167 575 ἰός

179 657 241 726 Hec
272 664 440 751 proposrtio
470 674 566 751 prout
595 666 768 753 punitura
794 686 845 733 nne
875 686 939 737 non
966 666 1168 759 intelligitur.

130 773 154 841 st
172 774 243 843 enirn
268 791 284 863 3
308 776 384 847 socii
406 781 613 852 communiter
637 779 810 873 posuerunt
837 797 906 879 792
939 784 1079 867 uidetur,
1098 785 1170 873 qui·
1230 862 1232 869 ¹

129 907 190 973 libet
214 898 343 1007 posuisse
372 915 497 982 tertiam
518 925 659 1001 partem,
686 912 839 1013 uidelicet
862 906 932 1003 23}
958 926 989 983 ct
1012 914 1033 983 sr
1058 913 1166 1001 primu

130 1024 288 1097 cederentur
308 1029 416 1097 ducati
441 1046 482 1115 ις
511 1040 547 1102 ut
566 1030 716 1118 ponitur,
742 1029 907 1099 uideretur
928 1028 1103 1119 perdiditle
1125 1031 1169 1099 de
1212 1098 1216 1107 ,

128 1138 230 1219 capitali
251 1155 283 1226 et
301 1166 363 1213 uon
387 1148 527 1215 lucratus
552 1145 650 1225 effet,
678 1145 797 1215 deinde
818 1142 935 1249 dicitur
960 1146 1047 1233 qnod
1070 1166 1170 1233 pecu·

127 1250 165 1318 nia
186 1256 442 1347 capitalisnprimi
463 1259 547 1329 stetit
574 1260 728 1329 menibus
758 1258 880 1343 tribue,
910 1256 1052 1349 sequitur
1080 1261 1170 1352 qtro'd
1254 1268 1273 1303 ι’
1302 1290 1306 1297 ·

127 1367 165 1432 alii
184 1372 282 1457 potius
308 1375 363 1461 qui
384 1374 599 1445 remanserunt
622 1375 753 1446 traficati
778 1376 833 1445 snut
855 1392 926 1463 eum
947 1372 1064 1442 minori
1086 1370 1176 1444 sum·.
1249 1448 1252 1461 .

124 1500 160 1547 na
178 1474 307 1571 capitalis
330 1510 424 1579 quarn
448 1490 524 1559 duc,
543 1504 588 1575 70
602 1489 754 1557 uidelicet
771 1472 842 1557 curn
862 1489 936 1559 duc.
962 1502 1004 1573 55
1029 1488 1169 1559 semiliter

125 1596 198 1667 finitis
214 1604 393 1686 5ruentibue
419 1605 534 1693 quibus
561 1602 715 1674 secundus
736 1604 836 1673 socius
859 1604 995 1673 extraxit
1016 1605 1091 1675 due.
1110 1616 1169 1689 ις,
1236 1597 1241 1612 “

124 1714 212 1783 tertius
238 1722 308 1790 crim
335 1720 450 1787 minui
483 1716 601 1789 summa
629 1722 723 1789 etiam
750 1722 908 1787 truncatus
931 1719 1016 1791 esset
1061 1720 1169 1789 Confi·

123 1827 269 1901 derandum
304 1854 434 1923 quoque
467 1834 512 1903 cst
538 1836 626 1922 quod
652 1852 723 1903 eum
756 1833 872 1901 minori
908 1834 1036 1920 capitali
1065 1834 1169 1903 minue
1239 1903 1243 1914 ,
1372 1868 1373 1877 ¹

122 1946 217 2015 lucrum
236 1950 390 2039 sequitur,
416 1971 480 2019 non
502 1948 646 2033 intelligo
667 1946 875 2038 oppinioncrn
900 1926 1035 2039 quenti,
1063 1950 1169 2019 frme·
1227 1952 1230 1963 '

122 2058 164 2127 lius
181 2082 237 2134 nou
256 2068 447 2135 declaretur.

164 2239 335 2315 ouaoo'et
364 2192 475 2313 ultimo
504 2241 650 2330 queritur
677 2205 827 2307 nunrerue
857 2235 939 2323 quali
966 2236 1167 2307 diuideretur
1209 2308 1213 2315 ,
1254 2277 1255 2288 1

119 2374 162 2439 per
186 2374 224 2445 17
247 2359 404 2425 Remanet
428 2356 463 2423 in
483 2356 604 2423 reirduo
632 2368 686 2439 15,
711 2350 955 2443 codiuisdper
977 2370 1017 2439 15
1040 2364 1168 2423 manent

122 2484 149 2535 11
172 2474 201 2543 in
223 2476 357 2558 rclrduo⁸
372 2483 405 2540 et
429 2467 499 2559 ipso
522 2467 625 2539 diuiso
650 2490 710 2556 per
740 2482 783 2533 ιο
804 2482 909 2537 nranet
934 2484 967 2557 3.

161 2634 239 2705 Huic
265 2634 384 2727 quelto
407 2638 513 2734 ¹multe
537 2614 762 2723 responnodes'
784 2632 853 2701 dari
874 2629 995 2717 pollent
1022 2631 1093 2705 euni
1115 2630 1166 2699 di·¹
1287 2673 1291 2685 ι
1367 2670 1373 2687 «

120 2750 190 2817 uerno
222 2750 362 2823 numeris
392 2724 462 2846 uui..
478 2750 703 2842 proportiones
741 2748 966 2815 concluderent
993 2758 1026 2815 ut
1059 2762 1163 2849 1103.
1263 2742 1264 2749 ’

121 2878 191 2955 3313
215 2881 245 2937 et
270 2867 326 2938 alii
345 2868 448 2941 multi.
505 2867 570 2936 Sed
592 2864 626 2933 in
645 2847 718 2932 'hoc
750 2882 814 2933 non
839 2850 915 2932 curo
942 2862 1084 2933 laborem
1110 2882 1165 2931 ex·

119 2984 233 3063 pendere
257 2984 293 3055 in
318 2984 387 3053 aliis
411 2975 552 3053 numeris
577 2980 748 3052 inueniree

163 3179 197 3247 Et
218 3189 252 3256 ut
277 3163 391 3251 uidere
417 3174 512 3265 pollrt
539 3176 720 3247 reuerentia
750 3170 876 3267 uestra,¹
903 3173 1099 3243 familiariter
1126 3195 1164 3243 ac
1297 3229 1298 3237 ,

117 3287 259 3363 domestice
297 3297 465 3366 uobiscum
492 3297 624 3382 loquor,
660 3305 692 3362 et
729 3290 791 3359 hoc
815 3290 888 3380 quia
921 3296 993 3391 uolo
1026 3291 1164 3363 srmiliter

117 3420 157 3471 uos
174 3428 293 3479 roccum
311 3408 450 3483 tinniliter
470 3410 604 3479 faciatis.

167 3588 180 3637 1
202 3574 425 3665 Prosequendo
445 3579 529 3647 enirn
550 3576 715 3649 culationis
731 3579 948 3667 gratiaqucro
973 3580 1163 3677 decilronenr

117 3681 181 3757 istam
199 3692 382 3764 dubiorum
425 3694 601 3765 Videlicet

161 3866 238 3939 Tres
269 3868 357 3942 stelle
389 3852 461 3942 sunt
490 3890 532 3941 ex
557 3872 676 3961 quibua
706 3868 771 3941 due
795 3868 907 3959 super·
917 3872 1029 3942 eodem
1059 3874 1161 3959 gradu

117 3978 241 4067 ecliptice
262 3986 413 4059 dicuntur
439 3988 510 4071 eise,
531 3987 586 4067 sed
607 4008 667 4077 per
687 3985 886 4069 latitudinem
911 3989 951 4055 ab
972 3986 1039 4077 ipsa
1059 3988 1161 4059 decli-

117 4107 203 4167 nantes
221 4100 330 4181 uersus
355 4103 621 4193 septemtrionem.
662 4104 764 4173 Prima
785 4104 818 4173 srt
848 4122 909 4183 per
931 4119 978 4187 gr.
1000 4118 1035 4192 3
1057 4102 1159 4173 mino·

572 4237 574 4244 ,
641 4219 721 4305 64
838 4296 844 4311 Ι
1126 4224 1159 4282 ta
1211 4248 1213 4255 ,
