2950 5092
292 479 365 570 156
425 519 449 588 4
545 414 795 552 omniumr.
821 471 949 628 nnn
975 471 1099 559 uon
1210 577 1213 584 ³

288 661 399 734 semus.
431 662 547 754 Quodsi
572 667 698 736 tandem
717 667 918 739 deambulare
942 633 996 774 (itt
1016 671 1128 739 iubent
1145 669 1273 754 medici)
1289 689 1333 758 pa

287 799 418 863 ruotper
439 781 545 863 libeat,
566 782 627 858 iiuc
648 781 719 852 solis
745 786 962 856 claritudinem
982 785 1198 872 contemplari,
1218 787 1302 854 iue
1294 805 1334 852 aa·

194 893 204 994 '¹
289 895 359 962 cula
385 894 545 976 emittere,
581 899 712 970 facultas
740 901 833 968 nobis
857 900 995 972 dabitur.
1062 903 1135 968 Hce
1163 898 1232 968 est
1222 899 1337 984 Jacobe
1372 922 1373 955 1

271 999 411 1095 “optimc
443 1032 519 1079 cena
551 1011 653 1084 nostra
691 1012 725 1080 in
757 1035 817 1100 qua
841 995 969 1102 posthac
1001 1017 1144 1086 crebrius
1173 1015 1340 1086 letabimur.

287 1126 329 1192 ad
359 1125 576 1197 huiuscemodi
605 1150 713 1196 cenam
740 1127 873 1198 uiciilim
899 1151 951 1198 me
972 1130 1092 1230 inuites
1119 1131 1226 1203 uelim.
1283 1128 1341 1197 Sed
1373 1158 1375 1173 ›

271 1240 451 1332 xquousque
467 1245 500 1310 in
520 1243 581 1310 hoe
605 1245 755 1313 conuiuio
778 1246 945 1316 morabor?
988 1248 1088 1316 Dabis
1107 1243 1201 1334 spero
1227 1240 1342 1314 ueniam

231 1417 232 1424 ,
285 1357 417 1446 nimium
445 1360 560 1428 iocanti
584 1343 682 1440 inihi,
720 1363 925 1431 ediderim
950 1362 1019 1431 dies
1049 1361 1213 1446 presentes
1243 1357 1341 1426 dioni·
1374 1424 1375 1435 ,

196 1471 200 1480 ’
262 1474 319 1544 tii
340 1486 371 1544 te
396 1473 614 1560 hortabuntur.
654 1474 762 1542 Ceteri
786 1475 949 1562 epularum
974 1479 1098 1545 luxurie
1121 1475 1184 1544 hoc
1206 1488 1341 1559 tempore
1374 1468 1375 1493 ³

171 1655 174 1668 ,
288 1586 483 1676 carnispriuii
509 1610 623 1677 corpus
645 1591 787 1673 affligunt
810 1588 915 1670 suum,
951 1611 1008 1658 nos
1032 1613 1109 1659 uero
1130 1587 1351 1679 philosophico

287 1705 455 1774 certamine
481 1703 597 1772 animos
623 1703 743 1772 nostros
764 1705 993 1774 exercebimus·
1035 1705 1089 1774 Sat
1109 1707 1250 1775 iocorum
1270 1703 1342 1770 inie-
1375 1764 1376 1767 ,

286 1817 365 1916 ciiie
383 1819 524 1888 uideor:
565 1821 605 1890 ad
632 1817 736 1888 serum
764 1819 915 1904 deinceps
940 1819 1017 1887 hora
1035 1820 1125 1890 iubet
1146 1819 1342 1890 descendere.
1376 1856 1378 1861 ·

363 2015 451 2084 Vide
471 2015 569 2102 igitur
594 1990 665 2082 hec¹
679 2013 875 2100 problemata
896 2015 999 2093 uaria,
1042 2025 1074 2081 et
1093 2017 1245 2100 quidnam
1266 1986 1342 2082 circi

284 2151 321 2202 ea
339 2127 455 2414 sewi
474 2111 658 2218 quantocius
679 2130 742 2197 tuis
766 2149 816 2196 me
839 2126 953 2196 litteris
979 2127 1107 2198 reddito
1133 2120 1310 2201 certiorem.
1377 2146 1378 2185 ὲ

457 2327 562 2428 epoti
559 2327 607 2395 in
637 2323 719 2390 libro
749 2320 888 2407 quodam
919 2321 1040 2390 uetuiio
1069 2325 1342 2410 interrogationem
1378 2327 1380 2391 Γ

281 2437 440 2509 cuiusdam
463 2442 574 2510 fatiam
594 2441 635 2508 de
655 2437 719 2506 filio
741 2434 807 2516 suo,
832 2437 920 2503 cuius
940 2437 1040 2521 figura
1065 2439 1204 2510 habebat
1229 2443 1340 2526 gradus

284 2551 343 2629 16.
362 2555 479 2624 minuta
504 2573 548 2646 37
575 2551 657 2620 tauri
683 2555 716 2621 in
741 2550 946 2633 ascendente,
980 2553 1084 2640 cuspis
1105 2567 1213 2624 autem
1237 2555 1342 2644 quinte
1379 2542 1380 2547 ’

278 2691 392 2760 domus
421 2675 541 2746 scilicet
565 2669 700 2738 liliorum
732 2679 799 2734 erat
825 2666 859 2733 in
882 2682 903 2751 7
925 2683 975 2750 gr.
997 2681 1029 2736 et
1062 2673 1104 2746 18
1132 2671 1264 2740 minutis
1283 2672 1343 2738 uir·

135 2828 140 2840 ¹
279 2803 377 2890 ginis.
418 2793 540 2880 relique
571 2798 675 2853 autem
702 2787 814 2884 domus
839 2803 903 2849 non
932 2795 1018 2850 erant
1046 2793 1165 2850 notate
1208 2787 1342 2854 nolendo

256 2933 384 3012 ,autent
416 2909 558 2996 figuram
579 2905 673 2969 talem
703 2900 863 2982 complere
891 2903 1032 2981 oportuit
1055 2897 1175 2965 habore
1208 2899 1343 2969 latitudi-

238 3074 241 3088 ,
276 3058 350 3110 „em
381 3013 521 3114 regionis
554 3009 613 3088 ubi
640 3013 720 3083 falla
750 3010 794 3078 est
824 3011 1039 3094 interrogatio.
1102 3015 1214 3098 Quero
1247 3015 1343 3100 igitur

277 3159 393 3238 quanta
417 3137 517 3210 fuerit
542 3132 675 3204 latitudo
702 3129 769 3196 eius
790 3124 949 3210 regionis,
992 3125 1201 3216 deindeque
1227 3131 1343 3201 fuerint

273 3263 363 3334 initia
383 3257 575 3345 reliquarum
594 3249 771 3317 domorum·
897 3287 900 3301 .

357 3455 389 3506 a.
414 3437 516 3504 Roma
545 3428 643 3496 habet
673 3421 906 3515 longitudinem
937 3421 977 3489 ab
1004 3421 1170 3494 occidente
1200 3421 1341 3492 habitato

272 3581 323 3650 gr.
350 3569 405 3646 35.
431 3550 507 3622 min.
533 3561 589 3634 ις.
617 3554 649 3612 et
668 3537 869 3614 latitudinem
889 3537 929 3604 ab
952 3549 1102 3624 equatore
1124 3557 1173 3626 gr.
1195 3553 1257 3622 42.
1288 3541 1342 3607 Ee·

270 3673 375 3746 fordia
394 3687 472 3737 uero
497 3657 726 3745 longitudinem
745 3653 842 3722 habet
862 3673 912 3738 gr.
937 3667 993 3736 27.
1015 3665 1048 3720 et
1066 3654 1270 3743 latitudinem
1294 3675 1341 3740 gr.

189 3822 208 3870 ·,
273 3805 331 3878 ςι.
362 3789 486 3874 ¹Quero
507 3773 717 3867 polittne·his
742 3759 865 3838 &abus
894 3767 1076 3836 ciuitatibus
1100 3769 1187 3838 idem
1210 3770 1273 3838 elie
1299 3768 1343 3836 as·

271 3902 408 3974 eendens
435 3918 496 3986 pro
530 3891 642 3961 eodem
670 3884 807 3954 instanti.
871 3883 910 3950 Et
938 3883 959 3950 t
988 3881 1151 3950 uidebitur
1176 3882 1341 3969 poffibile,

268 4019 359 4114 qood
377 4015 413 4092 dt
432 4011 512 4088 illud
535 4005 714 4108 ascendens·
756 3998 840 4074 Ati
863 4001 955 4088 plura
975 3994 1093 4088 poffint
1113 3997 1173 4071 effe
1194 4021 1263 4088 qoe
1284 4001 1339 4069 tint

1044 4140 1051 4165 f
1070 4141 1075 4148 ·
1269 4119 1339 4188 ilia.
