2950 5092
243 505 267 556 ,V
319 442 934 596 unrsnnuurootouru'nr.
1098 492 1181 581 12⁹,
1278 585 1281 597 ,

117 664 229 735 condam
251 668 291 735 ad
317 668 446 748 cubum,
467 664 524 753 qui
546 658 776 760 circumscribit
799 661 944 771 spheram
965 664 1169 753 primamest

115 794 143 846 ut
160 780 345 867 corpulentia
363 780 537 871 pyramidis
559 779 696 869 secunde
718 783 759 849 ad
780 780 1010 868 corpulentiam
1031 783 1169 871 pyrami·
1250 845 1254 859 ,

113 896 152 961 dis
170 895 277 981 prime.
326 899 399 965 Her
423 908 534 964 teuent
554 910 688 985 propter
706 893 939 964 similitudinem
961 900 1114 967 cuborum
1135 909 1170 971 et
1231 908 1257 923 ““

113 1006 308 1093 pyramidum,
343 1022 376 1079 et
395 1011 615 1080 habitudinem
637 1031 746 1095 eorum
771 1011 811 1077 ad
831 1009 974 1098 spheram
994 1012 1169 1087 secundum
1296 1086 1299 1097 ,

112 1120 331 1207 inscriptionem
364 1137 396 1193 et
425 1104 759 1212 ciiumscriprionem.
822 1126 859 1193 ln
881 1122 931 1193 his
958 1146 1022 1195 nun
1049 1146 1168 1197 moror.

110 1235 215 1305 leuim
235 1236 307 1305 satis
331 1240 493 1323 lucubrari
517 1240 693 1321 deberent,
735 1238 866 1309 nimium
886 1242 1031 1329 prolixus
1053 1246 1168 1313 euade-

108 1368 171 1416 rem.
206 1350 260 1421 sed
279 1347 369 1423 certa
389 1353 460 1423 sunt
486 1354 600 1423 omnia·
642 1353 772 1421 mudum
797 1368 902 1421 autem
922 1354 1076 1435 metiendi
1098 1374 1167 1425 cur·¹

106 1464 260 1545 polentiam
287 1469 461 1558 pyramidis
486 1470 542 1537 sex
567 1473 664 1536 latera
690 1468 817 1555 cognita
841 1468 985 1539 habentis
1007 1474 1068 1543 iam
1089 1471 1167 1542 alibi

109 1576 263 1667 conscrips,
288 1586 341 1680 lic
361 1586 427 1652 duo
452 1586 528 1655 cubi
548 1585 618 1651 noti
640 1596 733 1652 erunt
756 1600 788 1652 et
810 1588 1008 1673 corpulentia
1028 1590 1166 1675 pyrami·

106 1692 146 1759 dis
168 1693 329 1779 secunde„
343 1699 430 1779 unde
448 1712 481 1767 et
505 1698 703 1784 corpulentia
727 1698 901 1786 pyramidis
920 1703 1022 1789 prime
1047 1722 1166 1789 cognu-

105 1804 201 1881 stetur·
241 1814 382 1902 essetque
403 1811 588 1903 responsum
607 1814 681 1885 satis
703 1813 744 1880 ad
763 1811 844 1881 hane
869 1814 1162 1905 interrogationem.
1249 1836 1259 1851 ⁶

193 2026 261 2097 Sed
286 2022 432 2115 profesio
452 2048 517 2093 non
539 2024 634 2096 facile
665 2021 709 2093 est
733 2027 901 2113 explorare
933 2046 971 2092 an
991 2046 1033 2093 ex
1053 2025 1107 2095 sex
1126 2028 1166 2100 ti-
1198 2104 1213 2117 ,

102 2137 156 2203 usis
177 2138 369 2209 habentibus
389 2141 613 2228 proportiones
635 2153 670 2209 ut
693 2139 749 2207 sex
769 2141 893 2209 numeri
912 2141 1004 2222 dati,
1033 2142 1069 2209 srt
1090 2164 1164 2213 con·

101 2248 244 2324 stituibilis
273 2254 415 2345 pyramis
445 2256 597 2323 trilatera.
658 2268 794 2343 propter
820 2256 938 2324 uariam
958 2258 1164 2329 combinatio·

100 2386 159 2437 uem
182 2368 366 2442 huiusmodi
391 2370 547 2439 linearum
566 2368 746 2458 poffibilem
766 2372 853 2453 fieri,
895 2385 1030 2459 propter
1049 2377 1164 2445 multas

101 2502 212 2571 quoque
249 2486 412 2577 passiones
445 2486 606 2576 pyramidi
636 2487 778 2580 trilatere
804 2490 1053 2570 ‘conuenientes
1113 2493 1165 2561 Sit
1270 2502 1273 2515 ‘

100 2598 167 2666 enim
192 2602 290 2671 huius
312 2603 501 2689 explanandi
531 2600 634 2689 gratia
661 2602 800 2690 pyramis
824 2603 864 2685 *)
892 2602 981 2671 cuius
1008 2602 1086 2673 bulis
1105 2604 1165 2676 tri·

98 2714 179 2781 latera
201 2714 355 2801 hklet
375 2731 489 2787 uertex
510 2736 542 2797 n,
565 2739 659 2803 quarn
685 2700 835 2786 claudunt
856 2731 990 2804 quatuor
1012 2719 1164 2807 trianguli

97 2832 168 2911 plani
190 2831 353 2903 rettilinci
376 2847 408 2903 et
437 2833 492 2901 sex
516 2834 601 2902 liuee
625 2832 732 2912 reste,
777 2853 840 2919 que
867 2828 999 2903 habebit
1028 2849 1163 2922 quatuor

100 2954 211 3031 argutos
236 2946 359 3016 solidus
386 2966 427 3014 ex
455 2966 571 3015 nouem
591 2944 849 3035 'superficialibus
870 2951 992 3033 angulis
1012 2950 1164 3020 resultan-

97 3072 143 3133 tes.
200 3068 287 3137 Cum
308 3058 418 3150 itaque
443 3059 504 3129 hec
529 3060 667 3151 pyramis
693 3081 734 3129 ex
757 3063 921 3144 triangulis
944 3061 1045 3151 planis
1067 3063 1164 3141 relli-¹

95 3174 172 3247 lineis
193 3178 387 3263 consurgat,
422 3180 604 3260 dequibus
628 3176 870 3259 demonstratum
891 3174 934 3243 est
955 3176 987 3244 in
1017 3178 1164 3261 uigesrmu
1266 3228 1268 3233 -

97 3292 186 3375 primi,
225 3296 408 3366 cuiuslibet
431 3316 540 3363 eorum
563 3293 706 3381 quelibet
725 3294 790 3360 duo
816 3294 912 3359 latera
933 3294 1018 3361 simul
1039 3293 1172 3383 sumpta.

96 3417 174 3479 tertio
194 3394 331 3499 reliquo
357 3411 416 3477 esse
441 3407 599 3491 longiora.
640 3409 721 3475 Item
745 3404 918 3473 cuiuslibet
939 3408 1046 3489 anguli
1067 3404 1163 3477 solidi

97 3524 247 3598 extribus
274 3525 528 3613 superficialibus
549 3525 672 3610 angulis
696 3522 865 3590 restiliueis
888 3522 1045 3603 contenti,
1079 3524 1163 3591 duos
1282 3610 1283 3616 ἵ
1388 3528 1390 3543 “

97 3643 246 3723 quoslibet
276 3642 481 3729 superfinales
510 3643 597 3709 simul
625 3638 764 3723 sumptos
793 3638 926 3731 maiores
962 3630 1022 3704 esse
1048 3638 1163 3719 tercio,

95 3773 186 3829 onnes
207 3770 324 3829 autem
345 3768 408 3825 tres
429 3754 619 3826 cuniuntlim
643 3750 781 3823 minores
801 3766 937 3863 quatuor
956 3753 1062 3838 restis,
1101 3745 1163 3821 hee
1284 3786 1287 3794 ι

1120 3884 1163 3937 ex

115 4026 139 4091 ⁸)
152 4021 217 4085 vid.
232 4023 308 4090 τὼ.
321 4036 346 4096 3,
363 4020 417 4093 lig.
428 4013 501 4080 XVI·
