2950 5092
176 527 179 534 ,
297 458 410 539 ro.
533 412 802 523 ‘ammona
828 436 959 569 nmo.
985 436 1115 539 nom
1190 460 1211 517 a

297 616 401 713 tteiira
423 637 503 711 mihi
516 639 723 729 patefecere.
760 638 852 709 ‘Nam
876 656 941 709 non
965 648 1086 711 tantona
1106 640 1208 726 attile,
1237 638 1292 715 led
1312 654 1365 717 nro*

295 754 462 840 nell'arium
483 752 537 835 ott,
560 752 649 824 stelle
673 756 736 823 fixe
757 754 932 832 tteriliearo.
973 757 1012 823 Et
1038 776 1089 826 me
1116 760 1155 829 ad
1176 761 1271 829 talem
1295 780 1366 847 pra·

296 868 413 941 {licant¹
436 869 471 939 in
501 871 573 939 loco
607 866 665 938 itto
701 866 911 959 personaliter
954 852 1110 958 oo'gnosoo
1141 872 1386 961 negligentem*

295 984 373 1053 lleoi
399 995 534 1074 propter
568 983 631 1053 hoo
655 982 897 1057 lustramentum
922 984 1138 1057 demonstrant
1171 986 1367 1059 altitudinem

295 1087 384 1169 tioile
406 1070 467 1186 pe}
493 1100 623 1187 sudor,
648 1100 797 1185 minutas,
832 1113 864 1172 et
885 1104 975 1173 ottitta
996 1114 1075 1193 poto
1096 1100 1218 1175 uidistir
1240 1120 1367 1191 compo·

276 1214 449 1297 trionem,
474 1226 506 1283 et
530 1210 750 1299 operationem
773 1214 806 1285 in
828 1218 1001 1289 canonibut
1022 1218 1208 1288 tabellarum
1228 1214 1386 1288 mearum'

295 1332 340 1401 de
364 1331 469 1421 primo
495 1326 623 1407 mobili,
650 1346 722 1395 cum
744 1322 808 1417 attio
830 1334 957 1419 operati
982 1330 1102 1423 poterit
1122 1332 1156 1403 in
1176 1330 1292 1405 iieilita
1314 1330 1386 1403 todi

208 1468 211 1477 ·
297 1466 359 1534 ego
384 1446 418 1515 in
437 1443 498 1513 hoc
518 1460 638 1531 parum
653 1461 705 1510 rue
732 1462 884 1517 exercere
906 1448 1038 1539 possum.

296 1657 298 1666 ,
322 1591 327 1603 ’
358 1586 524 1662 Videbltie
549 1598 655 1658 autent
675 1588 851 1663 deolioner
870 1614 955 1667 mear
978 1600 1017 1669 ad
1047 1598 1161 1689 quesita
1182 1590 1300 1681 uestra,
1337 1606 1368 1665 et

296 1706 556 1795 approbationes,
578 1722 656 1792 quae
676 1700 825 1775 sobiontri
846 1728 885 1777 ex
908 1702 1080 1781 canonibus
1102 1726 1134 1781 ot
1153 1712 1269 1783 tabolio
1291 1696 1386 1781 meir?

295 1821 467 1911 deprimo
492 1818 604 1889 mobili
629 1818 784 1889 extraliaa
812 1834 843 1890 et
869 1826 1069 1913 operationes
1095 1830 1281 1897 tabellarum
1308 1846 1369 1895 ma·

218 2002 222 2012 ,
296 1929 468 2020 gistratum
493 1954 553 2022 per
573 1952 624 2001 me
650 1934 904 2023 compoitarum:
934 1940 1006 2007 otsr
1032 1956 1094 2009 nott
1121 1940 1254 2023 uidistis,
1280 1940 1369 2009 oide-

294 2048 385 2134 bitis,
410 2048 443 2119 in
470 2062 586 2139 quanta
610 2048 960 2141 breuitatepeduoitor
980 2056 1136 2137 calculum
1172 2070 1203 2125 et
1227 2076 1291 2125 non
1313 2056 1386 2141 dm}

294 2164 405 2237 bitetia
438 2164 526 2245 quod
556 2161 659 2230 omnia
684 2150 896 2233 demonstrant
926 2144 964 2233 'in
989 2164 1092 2234 Libro
1119 2172 1246 2241 Florum
1272 2162 1386 2241 alma-l

294 2277 389 2352 desti.
429 2276 562 2348 Reduxi
590 2277 673 2345 enim
697 2277 970 2381 denominationes
1003 2282 1120 2350 linunm
1153 2286 1193 2355 ad
1221 2302 1368 2353 nomoroa

294 2392 465 2473 diseretor,
492 2402 627 2481 propter
647 2377 921 2463 abbrouiationem
949 2406 981 2465 et
1007 2397 1191 2467 facilitatem
1214 2402 1369 2469 eaiooian·

293 2508 340 2581 di.
382 2484 419 2580 s't
444 2527 521 2577 uero
542 2493 623 2576 itln'd
647 2527 711 2577 non
731 2504 855 2575 habetis
881 2506 955 2589 illia,
981 2504 1035 2577 son
1055 2511 1086 2579 T
1088 2512 1194 2581 obolas
1221 2536 1307 2583 nicae
1328 2514 1369 2581 de

292 2624 398 2717 primo
418 2622 553 2702 mobili,
585 2618 657 2693 sont
678 2622 782 2713 aliqua
808 2640 870 2711 qtte
897 2622 1044 2694 Venetiir
1075 2624 1206 2708 herenta
1232 2642 1263 2693 ot
1288 2628 1369 2713 Spe·

295 2742 418 2811 cialiter
439 2737 597 2824 Egregiae
618 2732 774 2823 Magister
799 2736 980 2805 Alexander
1003 2738 1168 2821 Botomoit
1194 2716 1310 2811 artium
1337 2752 1370 2811 et

292 2854 452 2931 medioine
477 2850 612 2934 notor,
638 2870 734 2941 quem
759 2870 822 2920 non
842 2850 955 2919 dubito
982 2852 1022 2920 ad
1043 2854 1292 2941 Requiittionem
1315 2878 1371 2927 uo·

293 2971 406 3052 litam,
443 2966 498 3039 sert
528 2962 796 3036 Reuerendiistmi
830 2964 958 3036 Domini
984 2968 1158 3039 cardinalis
1189 2982 1220 3039 et
1249 2968 1372 3057 Legati

273 3082 494 3161 'libentiilime
519 3076 780 3153 accommodabit·
825 3080 863 3149 Et
883 3082 1086 3153 libentillime
1106 3082 1257 3167 audirem,
1285 3086 1370 3175 quid

291 3202 387 3277 'trobit
412 3202 541 3273 uidetur
562 3198 604 3268 de
628 3194 703 3277 illie,
729 3195 863 3284 etquid
890 3216 931 3266 ex
959 3196 1032 3289 ipsit
1054 3198 1182 3271 uidetur
1202 3200 1369 3289 corrigen-

290 3319 379 3392 dttm.
420 3312 524 3387 Vobia
545 3308 721 3383 dossititmd
744 3307 913 3382 assentiam·

356 3484 398 3553 Et
434 3476 657 3569 prosequendo
687 3476 729 3547 od
755 3476 941 3551 deoiionent
966 3478 1154 3571 quesitorem
1188 3480 1368 3557 uestrorum

290 3600 327 3675 itt
350 3596 555 3708 sequentibus
580 3594 740 3667 accedam·
1088 3618 1092 3632 ·

354 3748 494 3817 Primum
521 3743 683 3849 Qaeltttm
713 3740 769 3819 ei't.
817 3744 962 3837 Quadam
988 3742 1073 3817 stella
1098 3746 1161 3815 lira
1183 3742 1216 3815 in
1240 3744 1368 3817 medie·

290 3874 357 3939 tate
377 3860 509 3943 Zodiaoi
533 3815 755 3935 deffendenda
772 3860 942 3934 declinatio
969 3859 1221 3949 septentrionalia
1250 3860 1296 3931 est
1314 3874 1386 3945 gni

295 3991 341 4071 ῖς
365 3996 409 4062 ot.
428 3991 485 4065 17.
509 3974 662 4069 Latitado
686 3992 793 4059 atttem
811 3974 1061 4071 septentrionalia
1079 3992 1130 4065 gr.
1147 3993 1205 4051 ao,
1229 3996 1277 4051 m.
1298 3992 1370 4065 49.

315 4120 322 4166 ²
1120 4200 1134 4219 ..
1274 4130 1386 4217 ,Quart
