2950 5092
325 470 482 569 EPIST,
506 473 932 563 REGIOMONTANI.
1111 487 1158 570 85

126 674 165 732 aut
178 667 266 739 niuot
285 690 379 757 equo,
404 671 480 740 licut
494 671 529 737 iu
549 670 687 781 hisxlieri,
707 667 796 751 solet,
817 682 967 759 acceptus
990 668 1043 739 est·
1077 672 1162 760 Supn

123 780 192 862 posui
213 798 308 852 tamen
335 786 510 853 incudem
540 784 658 891 qucfito
690 786 857 853 maximam
881 784 954 852 solis
978 784 1161 853 declinatio-
1195 872 1199 885 Ι
1230 800 1234 805 ·

123 916 176 961 nem
195 914 238 979 gt,
258 906 313 985 23.
334 900 454 969 minuta
478 916 540 999 ¹39.
567 922 631 987 que
650 900 863 967 declinatione
884 900 1019 969 maxima
1043 918 1161 989 conue-

123 1010 220 1095 nienter
244 1016 364 1113 uitato,
387 1018 491 1085 minor
511 1019 581 1085 fere
607 1014 652 1084 est
670 1015 777 1083 tribus
799 1012 941 1088 ntiatutis.
1007 1010 1160 1110 Transeat

121 1118 188 1187 illud.

168 1306 197 1373 lu
216 1311 328 1395 quclto
350 1285 461 1400 quarto
483 1312 581 1396 digne
601 1309 728 1381 notastis
745 1308 859 1379 subiici
882 1308 1063 1391 oportuitle,
1090 1306 1160 1378 tlel·

120 1420 163 1485 lm
185 1426 316 1495 nondum
349 1430 559 1496 meridianum
587 1402 742 1511 attigisse,
770 1441 823 1495 aut
843 1424 947 1513 ipsum
977 1422 1161 1499 unuuitle.
1272 1416 1277 1429 '

118 1534 181 1602 Nam
201 1540 261 1607 due
285 1540 375 1610 stelle
403 1542 520 1627 quibus
541 1540 613 1610 suut
638 1548 766 1634 equales
794 1540 1043 1619 declinationes,
1067 1558 1162 1624 equa·
1257 1542 1271 1623 ζ

118 1646 173 1715 liter
203 1656 347 1744 utrinque
372 1678 389 1723 a
416 1655 591 1723 meridiano
616 1676 676 1741 pro
709 1657 822 1723 codem
840 1655 1010 1741 ¹temporis
1036 1652 1162 1733 instanti

118 1760 205 1829 dillare
221 1750 444 1852 poffunt,'uou
465 1782 569 1837 tamen
591 1773 728 1839 eundem
750 1772 783 1835 in
810 1769 958 1854 ecliptica
978 1774 1083 1839 locum
1106 1770 1161 1837 ha·

117 1874 228 1951 lentes..
254 1884 341 1981 Dum
359 1882 458 1965 igitur
484 1894 517 1948 et
543 1884 674 1968 egregie
695 1880 830 1948 soluistis
850 1884 1007 1965 uniuersa,
1035 1900 1066 1952 et
1090 1886 1161 1967 qui-

117 1993 169 2059 dem
194 1995 327 2068 faciliter
352 2016 413 2082 per
438 1998 561 2064 tabulas
590 1997 727 2077 uestras,
770 2016 830 2081 ego
864 2010 967 2066 autem
1006 1999 1163 2085 quicquid
1241 2018 1250 2033 ·

116 2126 176 2174 nuuc
195 2112 340 2179 Veuetiis
366 2114 539 2180 numerabo
569 2112 709 2179 nunniti
734 2132 794 2197 pet
818 2113 958 2179 tabulam
986 2112 1065 2181 sinus
1087 2132 1163 2181 eou-

115 2215 180 2306 sequi
198 2240 322 2310 potero,
378 2228 462 2295 lllud
482 2238 586 2293 umen
606 2246 670 2293 nou
698 2227 735 2322 lit
754 2224 985 2311 impedimento
1014 2226 1091 2311 quin
1120 2228 1162 2295 ad

115 2353 150 2397 me
166 2336 300 2408 scribatis
321 2351 480 2427 quotquot
500 2352 533 2409 et
554 2342 884 2428 quecunqueuoletis
906 2342 1163 2423 interrogatoria.

114 2446 138 2511 Si
156 2453 230 2521 enim
249 2454 529 2535 satis-reoidebo,
549 2452 654 2522 scietis
675 2476 726 2521 mc
752 2455 861 2521 labore
881 2456 1005 2540 ingenti
1030 2456 1065 2523 id
1091 2456 1163 2523 effi·

115 2583 177 2637 cere.
194 2571 214 2636 li
233 2572 338 2641 minus
359 2571 478 2656 digne,
505 2567 696 2637 excusabitis
726 2586 778 2635 me
803 2570 965 2635 inermem.
1017 2571 1115 2657 Quod
1140 2570 1163 2637 li
1211 2550 1214 2557 ¹

114 2697 147 2759 tt,
163 2705 249 2768 quam
268 2685 330 2757 sub
349 2686 494 2753 manibus
518 2683 633 2759 habco,
653 2683 761 2749 tabula
782 2680 921 2751 absoluta
949 2684 1041 2765 esset,
1068 2672 1163 2751 facile

115 2795 203 2872 lunia,
225 2820 289 2885 que
311 2799 354 2865 ad
374 2801 512 2887 primum
533 2797 652 2865 mobile
678 2801 879 2877 referuntur,
905 2818 964 2884 per
984 2798 1044 2891 alio
1064 2802 1163 2867 multa

113 2906 209 2985 tolient
228 2896 384 3001 expediri
406 2915 527 3023 absquo
547 2931 751 2981 numerorum
768 2914 1031 2999 multiplicatione
1057 2926 1089 2981 et
1109 2914 1163 2983 di·

113 3020 222 3108 uilone,
247 3029 370 3114 absque
397 3027 516 3095 sinuum
538 3045 598 3115 per
622 3048 731 3109 metu,
764 3040 796 3094 ct
817 3026 890 3095 uico
915 3024 1021 3095 uersa,
1056 3039 1162 3095 extra·

113 3132 199 3204 lione.
238 3144 291 3208 Dc
321 3162 383 3228 qua
410 3142 543 3228 quidem
578 3142 732 3211 tabulau
764 3142 932 3211 ueritatem
956 3140 1161 3209 mediocriter
1259 3226 1269 3235 μ

111 3252 184 3319 etiam
206 3256 334 3336 dixero,
360 3257 607 3341 uimis'gloriari
630 3258 786 3337 uidebor,
814 3274 886 3325 cum
911 3276 962 3323 res
990 3256 1162 3342 admodum
1259 3330 1270 3343 κ

110 3383 172 3433 noua
193 3383 226 3439 et
243 3372 395 3442 hafteuus
415 3372 531 3441 infesta
549 3372 596 3440 fit.
621 3369 778 3466 quicquid
798 3389 858 3455 per
879 3389 947 3439 eam
970 3369 1160 3457 inuestigare

110 3478 221 3567 libebit,
263 3486 392 3555 duobus
425 3497 502 3553 tuuc
532 3486 670 3553 numeris
702 3483 937 3552 introitualibus
974 3485 1160 3567 egebimus,

111 3612 223 3675 qaorum
242 3606 380 3670 alterum
401 3602 437 3671 iu
466 3603 568 3668 latere
586 3596 798 3679 transuersali,
821 3600 954 3667 alterum
972 3598 1007 3665 in
1030 3595 1160 3666 lescen

111 3713 178 3779 denti
198 3719 309 3787 tabule
332 3718 557 3797 immittemus,
582 3728 614 3783 et
638 3715 674 3783 iu
698 3718 818 3797 angulo
842 3712 1000 3782 connum
1019 3712 1160 3800 repetic-

108 3838 159 3890 uus
186 3830 351 3917 quesitum.
390 3832 481 3901 Duos
506 3830 582 3900 huic
602 3832 711 3900 tabule
740 3828 982 3895 accommodabo
1012 3828 1159 3913 libellus,

110 3947 364 4032 quotum'primus
382 3948 513 4035 quidem
532 3945 737 4014 fundamenta
758 3943 864 4009 tabule
885 3956 917 4011 et
939 3944 1159 4027 operationum

110 4054 159 4123 etos
176 4062 326 4145 firmabit,
350 4060 505 4151 secundus
530 4082 607 4134 uero
634 4036 767 4147 quanam
783 4060 856 4145 lege
878 4057 1014 4147 quilibet
1030 4060 1158 4127 omnino

295 4185 300 4195 ·
602 4218 605 4222 -
648 4176 719 4263 1²3
936 4202 945 4235 ι
1056 4191 1157 4245 nouus
1244 4220 1247 4227 ·
