2950 5092
315 549 384 622 ro
566 533 820 615 promotu.
845 531 974 615 nete.
999 533 1122 650 uon

312 701 509 812 ditiooeque'
531 727 596 794 loci
625 707 660 794 'td
690 725 965 816 persuadentibur.
995 726 1063 818 'qui
1095 729 1349 804 enimmeminiie

312 837 414 930 potiet
439 841 577 912 omnium
606 859 833 930 preceptorum
854 845 895 916 ad
921 843 1039 916 iudicia
1059 843 1250 932 proferenda
1269 841 1348 910 nerei·

163 1007 166 1018 .
279 1043 285 1052 ι
310 949 480 1042 sariorum,
506 957 574 1028 uitii
594 959 763 1030 neminem.
824 960 924 1048 Atqui
946 959 1031 1028 ratiis
1054 959 1146 1028 bonis
1170 957 1350 1028 fundamentis

310 1087 527 1152 numerorum,
556 1093 647 1140 nemo
669 1073 795 1140 ideoma
814 1069 920 1142 saitem
943 1073 1076 1146 latinum
1094 1075 1209 1142 callens
1229 1071 1351 1161 iudicium

214 1179 219 1188 ’
310 1189 471 1270 complere
496 1183 688 1274 trepidabitr
714 1196 786 1254 itam
805 1187 933 1256 irtaiem
949 1191 1090 1256 offendet
1105 1185 1352 1264 constellationem,

311 1305 373 1368 iaie
399 1297 548 1388 seriptum
578 1303 689 1372 efferet
715 1301 890 1372 iudicium:
911 1301 932 1370 b
957 1303 1049 1370 aliam
1063 1303 1165 1375 ruod:
1190 1321 1254 1392 quo
1273 1301 1353 1368 uerior

308 1413 386 1482 miti
415 1415 542 1486 uidetur
573 1415 606 1484 in
636 1411 820 1484 astronomia
844 1415 1044 1504 quadruuiaii
1070 1416 1234 1508 ingenium
1251 1417 1351 1486 demon·

308 1523 405 1596 iirrre
427 1550 519 1620 quam
540 1529 688 1602 iudiciali.
731 1529 792 1596 itrc
813 1527 897 1601 enim
921 1550 985 1598 non
1005 1529 1060 1600 nii
1083 1545 1199 1614 magno
1226 1541 1258 1598 et
1277 1531 1364 1596 excel-³

307 1643 388 1710 lenti
421 1643 547 1728 ingenio
577 1645 656 1714 uiris
688 1643 872 1736 attingenda
897 1643 1073 1730 prebetur=
1113 1643 1200 1716 itiam
1225 1663 1297 1716 uero
1317 1663 1353 1729 pe

306 1757 434 1840 pulares
460 1767 492 1822 et
513 1757 608 1826 ruder
630 1767 749 1850 quique
773 1761 915 1826 lacerare
938 1757 1065 1828 audent.
1133 1757 1202 1826 Sed
1221 1779 1261 1829 ne
1283 1771 1364 1824 certet

306 1887 380 1936 rnen
406 1891 523 1942 nouum
550 1871 688 1940 inermus
709 1873 752 1938 de
771 1871 821 1938 hie
841 1870 939 1940 rebus
958 1870 1088 1942 modum
1114 1867 1252 1940 sermoni
1270 1868 1364 1937 statute

305 1979 420 2064 Longe
454 1985 537 2052 enim
570 1983 766 2054 commodius
793 2003 874 2052 uoce
901 2004 994 2070 quam
1027 1984 1143 2056 titteris
1176 1987 1364 2061 definiuntur]

307 2095 346 2166 Si
372 2100 497 2186 quando
523 2099 734 2168 conueniendi
755 2099 884 2168 dabitur
903 2101 1035 2202 facultas
1054 2099 1097 2168 de
1122 2097 1173 2170 hie
1195 2113 1287 2187 atquc
1308 2099 1353 2164 rtir

170 2200 182 2233 '
304 2211 452 2296 piurimis
484 2235 582 2300 opere
612 2215 750 2302 pretium
783 2211 980 2282 differemus.
1046 2213 1172 2282 Interea
1204 2227 1364 2287 morentur

306 2308 393 2409 apud
422 2347 473 2394 mc
511 2329 623 2396 erebro
650 2315 701 2394 'fre
729 2329 786 2398 tint
810 2329 934 2408 littere,
972 2347 1013 2396 ne
1034 2347 1121 2395 amor
1145 2327 1250 2400 fausto
1270 2340 1364 2414 ceptorr

304 2435 446 2524 auspicio
474 2441 667 2526 refrigescet.
711 2446 871 2510 materiam
894 2443 936 2515 ad
962 2462 1013 2511 me
1045 2439 1209 2514 scribendi
1238 2443 1294 2514 tibi
1312 2459 1352 2506 not

304 2553 487 2624 deirtturrm
516 2559 670 2640 arbitror,
707 2557 762 2626 ubi
787 2557 943 2626 lucianum
965 2569 1055 2626 tuum
1075 2557 1232 2626 reducem
1254 2555 1353 2625 fecerit.

307 2681 341 2736 at
369 2669 498 2740 stnouic
524 2671 778 2760 problematibus
797 2669 944 2740 iaceii'ere
966 2671 1145 2757 permittes,
1170 2672 1283 2761 accipe
1304 2668 1352 2736 sub·

302 2781 437 2870 scripta:
460 2785 546 2872 quod
568 2785 588 2852 st
609 2782 720 2854 solutio
742 2805 806 2856 non
827 2802 986 2876 nunquam
1006 2785 1211 2874 perdifficilia
1226 2787 1353 2861 uideatur,

302 2897 434 2968 modum
458 2899 618 2970 dumtaxat
639 2896 781 2968 soluendi
801 2898 978 2967 annotabis:
1006 2921 1069 2968 non
1090 2903 1176 2970 enim
1194 2901 1352 2992 instarpue·

199 3052 203 3063 ·
303 3031 413 3084 rorum
442 3014 482 3084 ad
511 3034 569 3100 par
594 3019 645 3086 uel
672 3015 776 3102 impar
801 3027 862 3096 pre
887 3011 1015 3080 fortuna
1034 3012 1234 3098 ludentium,
1272 3030 1362 3101 uetur

123 3184 132 3192 .
223 3205 234 3225 K
301 3145 393 3194 more
419 3125 678 3216 philosophorum
712 3121 872 3194 rourum
911 3129 1075 3212 regulares
1111 3129 1353 3218 amplectentium

303 3238 444 3316 inuicem
469 3241 703 3314 exercebimur.

384 3471 523 3562 Quidam
550 3471 672 3562 antiqui
704 3469 878 3540 duodecim
903 3469 1015 3541 domet
1048 3471 1110 3540 celi
1141 3471 1351 3562 distinguebant

301 3603 364 3671 pet
393 3586 526 3656 circulos
554 3607 684 3676 magnos
708 3583 904 3660 transeunter
941 3605 1002 3673 per
1030 3587 1107 3654 duae
1139 3586 1350 3660 irttersettionct

301 3697 470 3768 meridiani
491 3713 523 3770 et
545 3702 708 3784 orizonte,
730 3715 763 3774 et
779 3721 839 3788 per
858 3696 975 3788 punita
995 3699 1173 3770 diuidentia
1193 3717 1352 3791 equatoren

226 3815 232 3832 '
299 3811 337 3884 in
357 3815 527 3888 duodecim
550 3820 824 3907 portesmude,
856 3835 993 3902 quorum
1011 3815 1200 3904 punitorum
1222 3819 1283 3887 duo
1303 3817 1351 3902 qut·

301 3927 376 3998 dem
405 3927 475 4002 sunt
503 3933 535 4000 in
567 3933 765 4026 meridiano,
807 3943 840 4001 et
869 3930 935 3998 duo
960 3931 994 4000 in
1018 3929 1175 4004 orizonte.
1240 3934 1352 4000 Ponatur

159 4103 166 4120 ,
299 4039 411 4136 ¹⁸³‘1¹¹⁰
438 4045 632 4138 principium
656 4047 835 4122 Leonirin
863 4047 1012 4120 orlentrii
1029 4047 1178 4143 portione
1202 4030 1348 4120 orizontis:

1269 4173 1348 4248 quero
