<?xml version="1.0" encoding="UTF-8"?>
<!DOCTYPE html PUBLIC "-//W3C//DTD XHTML 1.0 Transitional//EN"
    "http://www.w3.org/TR/xhtml1/DTD/xhtml1-transitional.dtd">
<html xmlns="http://www.w3.org/1999/xhtml" xml:lang="en" lang="en">
 <head>
  <title>
</title>
<meta http-equiv="Content-Type" content="text/html;charset=utf-8" />
  <meta name='ocr-system' content='tesseract 3.04.00' />
  <meta name='ocr-capabilities' content='ocr_page ocr_carea ocr_par ocr_line ocrx_word'/>
</head>
<body>
  <div class='ocr_page' id='page_1' title='image "./memorabiliabibl01altdgoog_0170.png"; bbox 0 0 2950 5092; ppageno 0'>
   <div class='ocr_carea' id='block_1_1' title="bbox 250 382 1172 553">
    <p class='ocr_par' dir='ltr' id='par_1_1' title="bbox 250 382 1172 553">
     <span class='ocr_line' id='line_1_1' title="bbox 250 382 1172 553; baseline 0.001 -23"><span class='ocrx_word' id='word_1_1' title='bbox 250 471 257 490; x_wconf 90' lang='lat'><em>·</em></span> <span class='ocrx_word' id='word_1_2' title='bbox 338 448 491 540; x_wconf 80' lang='lat' dir='ltr'><strong>nunsn.</strong></span> <span class='ocrx_word' id='word_1_3' title='bbox 516 385 938 530; x_wconf 77' lang='lat' dir='ltr'><strong>nnurhnnouunuu</strong></span> <span class='ocrx_word' id='word_1_4' title='bbox 1101 382 1172 553; x_wconf 65' lang='lat' dir='ltr'><strong>arr</strong></span> 
     </span>
    </p>
   </div>
   <div class='ocr_carea' id='block_1_2' title="bbox 133 616 1227 1428">
    <p class='ocr_par' dir='ltr' id='par_1_2' title="bbox 133 616 1227 1428">
     <span class='ocr_line' id='line_1_2' title="bbox 134 616 1174 732; baseline -0.012 -10"><span class='ocrx_word' id='word_1_5' title='bbox 134 651 185 724; x_wconf 75' lang='lat' dir='ltr'><strong>thu</strong></span> <span class='ocrx_word' id='word_1_6' title='bbox 233 651 307 722; x_wconf 87' lang='lat' dir='ltr'><strong>Cum</strong></span> <span class='ocrx_word' id='word_1_7' title='bbox 338 659 441 718; x_wconf 84' lang='lat' dir='ltr'><strong>autem</strong></span> <span class='ocrx_word' id='word_1_8' title='bbox 465 642 613 724; x_wconf 79' lang='lat' dir='ltr'>dixerim,</span> <span class='ocrx_word' id='word_1_9' title='bbox 643 639 778 732; x_wconf 83' lang='lat' dir='ltr'><strong>pussitne</strong></span> <span class='ocrx_word' id='word_1_10' title='bbox 804 643 865 710; x_wconf 77' lang='lat' dir='ltr'><strong>eise</strong></span> <span class='ocrx_word' id='word_1_11' title='bbox 892 616 984 710; x_wconf 71' lang='lat' dir='ltr'><strong>iderti</strong></span> <span class='ocrx_word' id='word_1_12' title='bbox 1004 636 1174 710; x_wconf 80' lang='lat' dir='ltr'><strong>ascendent</strong></span> 
     </span>
     <span class='ocr_line' id='line_1_3' title="bbox 135 753 1175 854; baseline -0.006 -22"><span class='ocrx_word' id='word_1_13' title='bbox 135 787 181 854; x_wconf 84' lang='lat' dir='ltr'><strong>pru</strong></span> <span class='ocrx_word' id='word_1_14' title='bbox 202 767 304 834; x_wconf 89' lang='lat' dir='ltr'><strong>eodem</strong></span> <span class='ocrx_word' id='word_1_15' title='bbox 331 761 454 834; x_wconf 83' lang='lat' dir='ltr'><strong>instanti</strong></span> <span class='ocrx_word' id='word_1_16' title='bbox 476 773 535 832; x_wconf 90' lang='lat' dir='ltr'><strong>etc.</strong></span> <span class='ocrx_word' id='word_1_17' title='bbox 568 780 608 827; x_wconf 86' lang='lat' dir='ltr'><strong>ne</strong></span> <span class='ocrx_word' id='word_1_18' title='bbox 630 753 868 826; x_wconf 67' lang='lat' dir='ltr'><strong>contradidiotni</strong></span> <span class='ocrx_word' id='word_1_19' title='bbox 885 755 1041 844; x_wconf 82' lang='lat' dir='ltr'><strong>implicite</strong></span> <span class='ocrx_word' id='word_1_20' title='bbox 1060 755 1175 826; x_wconf 81' lang='lat' dir='ltr'><strong>uideat</strong></span> 
     </span>
     <span class='ocr_line' id='line_1_4' title="bbox 135 869 1176 971; baseline -0.006 -25"><span class='ocrx_word' id='word_1_21' title='bbox 135 879 262 962; x_wconf 76' lang='lat' dir='ltr'><strong>incidisse,</strong></span> <span class='ocrx_word' id='word_1_22' title='bbox 290 881 367 952; x_wconf 82' lang='lat' dir='ltr'><strong>nihil</strong></span> <span class='ocrx_word' id='word_1_23' title='bbox 389 875 472 946; x_wconf 85' lang='lat' dir='ltr'><strong>eninr</strong></span> <span class='ocrx_word' id='word_1_24' title='bbox 491 876 525 944; x_wconf 91' lang='lat' dir='ltr'><strong>in</strong></span> <span class='ocrx_word' id='word_1_25' title='bbox 545 871 670 943; x_wconf 86' lang='lat' dir='ltr'><strong>instanti</strong></span> <span class='ocrx_word' id='word_1_26' title='bbox 689 869 857 940; x_wconf 87' lang='lat' dir='ltr'><strong>ascendere</strong></span> <span class='ocrx_word' id='word_1_27' title='bbox 878 869 1082 971; x_wconf 71' lang='lat' dir='ltr'><strong>perhiheturt</strong></span> <span class='ocrx_word' id='word_1_28' title='bbox 1116 873 1176 940; x_wconf 86' lang='lat' dir='ltr'><strong>ali·</strong></span> 
     </span>
     <span class='ocr_line' id='line_1_5' title="bbox 135 981 1178 1087; baseline -0.002 -27"><span class='ocrx_word' id='word_1_29' title='bbox 135 1007 172 1062; x_wconf 85' lang='lat' dir='ltr'><strong>ter</strong></span> <span class='ocrx_word' id='word_1_30' title='bbox 190 1009 216 1064; x_wconf 90' lang='lat' dir='ltr'><strong>et</strong></span> <span class='ocrx_word' id='word_1_31' title='bbox 234 997 360 1064; x_wconf 80' lang='lat' dir='ltr'><strong>breuius</strong></span> <span class='ocrx_word' id='word_1_32' title='bbox 383 1009 482 1081; x_wconf 85' lang='lat' dir='ltr'><strong>quero</strong></span> <span class='ocrx_word' id='word_1_33' title='bbox 504 988 598 1077; x_wconf 81' lang='lat' dir='ltr'><strong>posint</strong></span> <span class='ocrx_word' id='word_1_34' title='bbox 618 981 658 1057; x_wconf 92' lang='lat' dir='ltr'><strong>ne</strong></span> <span class='ocrx_word' id='word_1_35' title='bbox 679 987 765 1057; x_wconf 85' lang='lat' dir='ltr'><strong>idern</strong></span> <span class='ocrx_word' id='word_1_36' title='bbox 790 985 924 1087; x_wconf 65' lang='lat' dir='ltr'><strong>puncius</strong></span> <span class='ocrx_word' id='word_1_37' title='bbox 944 986 1092 1076; x_wconf 86' lang='lat' dir='ltr'><strong>ecliptice</strong></span> <span class='ocrx_word' id='word_1_38' title='bbox 1113 1009 1178 1076; x_wconf 82' lang='lat' dir='ltr'><strong>pro</strong></span> 
     </span>
     <span class='ocr_line' id='line_1_6' title="bbox 135 1103 1176 1197; baseline -0.001 -22"><span class='ocrx_word' id='word_1_39' title='bbox 135 1113 225 1178; x_wconf 86' lang='lat' dir='ltr'><strong>eodem</strong></span> <span class='ocrx_word' id='word_1_40' title='bbox 247 1107 369 1180; x_wconf 84' lang='lat' dir='ltr'><strong>instanti</strong></span> <span class='ocrx_word' id='word_1_41' title='bbox 402 1103 462 1176; x_wconf 85' lang='lat' dir='ltr'><strong>ess&#39;e</strong></span> <span class='ocrx_word' id='word_1_42' title='bbox 494 1104 528 1174; x_wconf 92' lang='lat' dir='ltr'><strong>in</strong></span> <span class='ocrx_word' id='word_1_43' title='bbox 556 1103 699 1172; x_wconf 87' lang='lat' dir='ltr'><strong>orizonte</strong></span> <span class='ocrx_word' id='word_1_44' title='bbox 731 1121 929 1197; x_wconf 84' lang='lat' dir='ltr'><strong>rqmanurum</strong></span> <span class='ocrx_word' id='word_1_45' title='bbox 966 1113 998 1172; x_wconf 89' lang='lat' dir='ltr'><strong>et</strong></span> <span class='ocrx_word' id='word_1_46' title='bbox 1027 1105 1111 1174; x_wconf 87' lang='lat' dir='ltr'><strong>snmul</strong></span> <span class='ocrx_word' id='word_1_47' title='bbox 1139 1103 1176 1174; x_wconf 84' lang='lat' dir='ltr'><strong>in</strong></span> 
     </span>
     <span class='ocr_line' id='line_1_7' title="bbox 135 1205 1227 1305; baseline -0.003 -17"><span class='ocrx_word' id='word_1_48' title='bbox 135 1221 253 1292; x_wconf 85' lang='lat' dir='ltr'><strong>orizonte</strong></span> <span class='ocrx_word' id='word_1_49' title='bbox 282 1205 517 1294; x_wconf 69' lang='lat' dir='ltr'><strong>erfordensium.</strong></span> <span class='ocrx_word' id='word_1_50' title='bbox 577 1219 615 1299; x_wconf 86' lang='lat' dir='ltr'><strong>Et</strong></span> <span class='ocrx_word' id='word_1_51' title='bbox 639 1217 660 1286; x_wconf 90' lang='lat' dir='ltr'><strong>sn</strong></span> <span class='ocrx_word' id='word_1_52' title='bbox 685 1213 832 1304; x_wconf 84' lang='lat' dir='ltr'><strong>poshbilc</strong></span> <span class='ocrx_word' id='word_1_53' title='bbox 858 1212 958 1283; x_wconf 89' lang='lat' dir='ltr'><strong>uisum</strong></span> <span class='ocrx_word' id='word_1_54' title='bbox 980 1217 1078 1286; x_wconf 83' lang='lat' dir='ltr'><strong>fuerit</strong></span> <span class='ocrx_word' id='word_1_55' title='bbox 1103 1215 1176 1305; x_wconf 82' lang='lat' dir='ltr'><strong>quie</strong></span> <span class='ocrx_word' id='word_1_56' title='bbox 1223 1229 1227 1240; x_wconf 88' lang='grc'>·</span> 
     </span>
     <span class='ocr_line' id='line_1_8' title="bbox 133 1329 1101 1428; baseline -0.002 -24"><span class='ocrx_word' id='word_1_57' title='bbox 133 1337 160 1404; x_wconf 86' lang='lat' dir='ltr'><strong>it</strong></span> <span class='ocrx_word' id='word_1_58' title='bbox 175 1339 232 1410; x_wconf 84' lang='lat' dir='ltr'><strong>hu.</strong></span> <span class='ocrx_word' id='word_1_59' title='bbox 274 1339 392 1427; x_wconf 74' lang='lat' dir='ltr'><strong>Quodsi</strong></span> <span class='ocrx_word' id='word_1_60' title='bbox 412 1337 477 1406; x_wconf 89' lang='lat' dir='ltr'><strong>duo</strong></span> <span class='ocrx_word' id='word_1_61' title='bbox 502 1333 575 1404; x_wconf 88' lang='lat' dir='ltr'><strong>talia</strong></span> <span class='ocrx_word' id='word_1_62' title='bbox 596 1333 713 1404; x_wconf 91' lang='lat' dir='ltr'><strong>fuerint</strong></span> <span class='ocrx_word' id='word_1_63' title='bbox 733 1329 849 1420; x_wconf 75' lang='lat' dir='ltr'><strong>punita</strong></span> <span class='ocrx_word' id='word_1_64' title='bbox 873 1351 936 1418; x_wconf 87' lang='lat' dir='ltr'><strong>que</strong></span> <span class='ocrx_word' id='word_1_65' title='bbox 956 1331 1013 1428; x_wconf 76' lang='lat' dir='ltr'><strong>hnt</strong></span> <span class='ocrx_word' id='word_1_66' title='bbox 1036 1331 1101 1402; x_wconf 83' lang='lat' dir='ltr'><strong>ina.</strong></span> 
     </span>
    </p>
   </div>
   <div class='ocr_carea' id='block_1_3' title="bbox 201 1453 1189 1603">
    <p class='ocr_par' dir='ltr' id='par_1_3' title="bbox 201 1453 1189 1603">
     <span class='ocr_line' id='line_1_9' title="bbox 201 1453 1189 1603; baseline -0.006 -15"><span class='ocrx_word' id='word_1_67' title='bbox 201 1531 229 1602; x_wconf 79' lang='lat'><strong>3·</strong></span> <span class='ocrx_word' id='word_1_68' title='bbox 249 1517 346 1588; x_wconf 83' lang='lat' dir='ltr'><strong>Stella</strong></span> <span class='ocrx_word' id='word_1_69' title='bbox 366 1517 502 1603; x_wconf 79' lang='lat' dir='ltr'><strong>quedam</strong></span> <span class='ocrx_word' id='word_1_70' title='bbox 531 1517 593 1584; x_wconf 80' lang='lat' dir='ltr'><strong>fixa</strong></span> <span class='ocrx_word' id='word_1_71' title='bbox 613 1513 731 1582; x_wconf 79' lang='lat' dir='ltr'><strong>habena</strong></span> <span class='ocrx_word' id='word_1_72' title='bbox 756 1509 927 1580; x_wconf 87' lang='lat' dir='ltr'><strong>secuudum</strong></span> <span class='ocrx_word' id='word_1_73' title='bbox 947 1453 1189 1595; x_wconf 68' lang='lat' dir='ltr'><strong>longitudinum</strong></span> 
     </span>
    </p>
   </div>
   <div class='ocr_carea' id='block_1_4' title="bbox 132 1623 1317 1731">
    <p class='ocr_par' dir='ltr' id='par_1_4' title="bbox 132 1623 1317 1731">
     <span class='ocr_line' id='line_1_10' title="bbox 132 1623 1317 1731; baseline 0.002 -35"><span class='ocrx_word' id='word_1_74' title='bbox 132 1647 169 1714; x_wconf 74' lang='lat' dir='ltr'><strong>qr.</strong></span> <span class='ocrx_word' id='word_1_75' title='bbox 193 1646 227 1718; x_wconf 83' lang='lat'><strong>13</strong></span> <span class='ocrx_word' id='word_1_76' title='bbox 254 1633 371 1702; x_wconf 86' lang='lat' dir='ltr'><strong>minuta</strong></span> <span class='ocrx_word' id='word_1_77' title='bbox 394 1645 438 1716; x_wconf 83' lang='lat'><strong>25</strong></span> <span class='ocrx_word' id='word_1_78' title='bbox 462 1629 668 1713; x_wconf 74' lang='lat' dir='ltr'><strong>geminorum.</strong></span> <span class='ocrx_word' id='word_1_79' title='bbox 703 1623 900 1695; x_wconf 82' lang='lat' dir='ltr'><strong>latitudinem</strong></span> <span class='ocrx_word' id='word_1_80' title='bbox 926 1637 1030 1696; x_wconf 80' lang='lat' dir='ltr'><strong>autem</strong></span> <span class='ocrx_word' id='word_1_81' title='bbox 1055 1625 1181 1713; x_wconf 79' lang='lat' dir='ltr'><strong>septen·</strong></span> <span class='ocrx_word' id='word_1_82' title='bbox 1312 1709 1317 1731; x_wconf 42' lang='grc' dir='ltr'><strong><em>Ι</em></strong></span> 
     </span>
    </p>
   </div>
   <div class='ocr_carea' id='block_1_5' title="bbox 131 1723 1200 2060">
    <p class='ocr_par' dir='ltr' id='par_1_5' title="bbox 131 1723 1200 2060">
     <span class='ocr_line' id='line_1_11' title="bbox 131 1723 1200 1846; baseline -0.005 -31"><span class='ocrx_word' id='word_1_83' title='bbox 131 1747 275 1846; x_wconf 79' lang='lat' dir='ltr'><strong>trinnalenr</strong></span> <span class='ocrx_word' id='word_1_84' title='bbox 296 1765 348 1832; x_wconf 78' lang='lat' dir='ltr'><strong>gr.</strong></span> <span class='ocrx_word' id='word_1_85' title='bbox 373 1751 405 1823; x_wconf 89' lang='lat'><strong>8.</strong></span> <span class='ocrx_word' id='word_1_86' title='bbox 425 1747 459 1814; x_wconf 91' lang='lat' dir='ltr'><strong>in</strong></span> <span class='ocrx_word' id='word_1_87' title='bbox 484 1745 620 1830; x_wconf 81' lang='lat' dir='ltr'><strong>quadem</strong></span> <span class='ocrx_word' id='word_1_88' title='bbox 640 1723 770 1824; x_wconf 59' lang='lat' dir='ltr'><strong>cepione</strong></span> <span class='ocrx_word' id='word_1_89' title='bbox 793 1737 914 1813; x_wconf 84' lang='lat' dir='ltr'><strong>¹occidit</strong></span> <span class='ocrx_word' id='word_1_90' title='bbox 935 1759 1007 1808; x_wconf 89' lang='lat' dir='ltr'><strong>cum</strong></span> <span class='ocrx_word' id='word_1_91' title='bbox 1027 1741 1200 1824; x_wconf 70' lang='lat' dir='ltr'><strong>graditur·</strong></span> 
     </span>
     <span class='ocr_line' id='line_1_12' title="bbox 133 1840 1192 1974; baseline -0.005 -46"><span class='ocrx_word' id='word_1_92' title='bbox 133 1873 167 1944; x_wconf 83' lang='lat'><strong>23</strong></span> <span class='ocrx_word' id='word_1_93' title='bbox 188 1861 307 1974; x_wconf 75' lang='lat' dir='ltr'><strong>minutis</strong></span> <span class='ocrx_word' id='word_1_94' title='bbox 338 1873 382 1944; x_wconf 86' lang='lat'><strong>14</strong></span> <span class='ocrx_word' id='word_1_95' title='bbox 401 1859 610 1946; x_wconf 74' lang='lat' dir='ltr'><strong>geminorum.</strong></span> <span class='ocrx_word' id='word_1_96' title='bbox 653 1857 763 1944; x_wconf 84' lang='lat' dir='ltr'><strong>Qucro</strong></span> <span class='ocrx_word' id='word_1_97' title='bbox 783 1840 984 1928; x_wconf 73' lang='lat' dir='ltr'><strong>latitudinem</strong></span> <span class='ocrx_word' id='word_1_98' title='bbox 1009 1854 1102 1928; x_wconf 76' lang='lat' dir='ltr'><strong>unius</strong></span> <span class='ocrx_word' id='word_1_99' title='bbox 1126 1876 1192 1972; x_wconf 44' lang='lat' dir='ltr'><strong>reg</strong></span> 
     </span>
     <span class='ocr_line' id='line_1_13' title="bbox 132 1976 229 2060; baseline -0.021 -16"><span class='ocrx_word' id='word_1_100' title='bbox 132 1976 229 2060; x_wconf 71' lang='lat' dir='ltr'><strong>munis.</strong></span> 
     </span>
    </p>
   </div>
   <div class='ocr_carea' id='block_1_6' title="bbox 133 2147 1188 2819">
    <p class='ocr_par' dir='ltr' id='par_1_6' title="bbox 133 2147 1186 2819">
     <span class='ocr_line' id='line_1_14' title="bbox 215 2147 1186 2244; baseline -0.01 -18"><span class='ocrx_word' id='word_1_101' title='bbox 215 2157 248 2228; x_wconf 90' lang='lat' dir='ltr'><strong>In</strong></span> <span class='ocrx_word' id='word_1_102' title='bbox 279 2155 411 2244; x_wconf 78' lang='lat' dir='ltr'><strong>regione</strong></span> <span class='ocrx_word' id='word_1_103' title='bbox 444 2153 580 2226; x_wconf 79' lang='lat' dir='ltr'><strong>habente</strong></span> <span class='ocrx_word' id='word_1_104' title='bbox 609 2151 808 2224; x_wconf 81' lang='lat' dir='ltr'><strong>latitudinem</strong></span> <span class='ocrx_word' id='word_1_105' title='bbox 835 2167 882 2242; x_wconf 83' lang='lat'><strong>45</strong></span> <span class='ocrx_word' id='word_1_106' title='bbox 906 2153 1060 2243; x_wconf 77' lang='lat' dir='ltr'><strong>graduum</strong></span> <span class='ocrx_word' id='word_1_107' title='bbox 1079 2161 1112 2220; x_wconf 90' lang='lat' dir='ltr'><strong>ct</strong></span> <span class='ocrx_word' id='word_1_108' title='bbox 1134 2147 1186 2236; x_wconf 68' lang='lat'><strong>24⁴</strong></span> 
     </span>
     <span class='ocr_line' id='line_1_15' title="bbox 133 2265 1183 2363; baseline 0.001 -27"><span class='ocrx_word' id='word_1_109' title='bbox 133 2267 303 2341; x_wconf 89' lang='lat' dir='ltr'><strong>minutorum</strong></span> <span class='ocrx_word' id='word_1_110' title='bbox 332 2283 421 2340; x_wconf 84' lang='lat' dir='ltr'><strong>natus</strong></span> <span class='ocrx_word' id='word_1_111' title='bbox 449 2271 577 2359; x_wconf 87' lang='lat' dir='ltr'><strong>quidam</strong></span> <span class='ocrx_word' id='word_1_112' title='bbox 601 2267 710 2338; x_wconf 86' lang='lat' dir='ltr'><strong>habuit</strong></span> <span class='ocrx_word' id='word_1_113' title='bbox 733 2265 766 2336; x_wconf 93' lang='lat' dir='ltr'><strong>in</strong></span> <span class='ocrx_word' id='word_1_114' title='bbox 792 2265 897 2363; x_wconf 88' lang='lat' dir='ltr'><strong>medio</strong></span> <span class='ocrx_word' id='word_1_115' title='bbox 925 2269 984 2338; x_wconf 87' lang='lat' dir='ltr'><strong>celi</strong></span> <span class='ocrx_word' id='word_1_116' title='bbox 1006 2267 1096 2356; x_wconf 81' lang='lat' dir='ltr'><strong>supra</strong></span> <span class='ocrx_word' id='word_1_117' title='bbox 1117 2279 1183 2338; x_wconf 87' lang='lat' dir='ltr'><strong>ter·</strong></span> 
     </span>
     <span class='ocr_line' id='line_1_16' title="bbox 133 2383 1182 2474; baseline 0.007 -28"><span class='ocrx_word' id='word_1_118' title='bbox 133 2401 184 2452; x_wconf 88' lang='lat' dir='ltr'><strong>nam</strong></span> <span class='ocrx_word' id='word_1_119' title='bbox 209 2399 294 2470; x_wconf 81' lang='lat' dir='ltr'><strong>14mn</strong></span> <span class='ocrx_word' id='word_1_120' title='bbox 318 2387 452 2470; x_wconf 79' lang='lat' dir='ltr'><strong>gradum</strong></span> <span class='ocrx_word' id='word_1_121' title='bbox 472 2383 593 2470; x_wconf 84' lang='lat' dir='ltr'><strong>aquarii</strong></span> <span class='ocrx_word' id='word_1_122' title='bbox 615 2386 818 2474; x_wconf 87' lang='lat' dir='ltr'><strong>completum.</strong></span> <span class='ocrx_word' id='word_1_123' title='bbox 884 2385 990 2454; x_wconf 90' lang='lat' dir='ltr'><strong>Solem</strong></span> <span class='ocrx_word' id='word_1_124' title='bbox 1012 2397 1117 2453; x_wconf 85' lang='lat' dir='ltr'><strong>autem</strong></span> <span class='ocrx_word' id='word_1_125' title='bbox 1146 2385 1182 2454; x_wconf 87' lang='lat' dir='ltr'><strong>in</strong></span> 
     </span>
     <span class='ocr_line' id='line_1_17' title="bbox 133 2497 1188 2603; baseline 0.009 -41"><span class='ocrx_word' id='word_1_126' title='bbox 133 2499 273 2590; x_wconf 88' lang='lat' dir='ltr'><strong>principio</strong></span> <span class='ocrx_word' id='word_1_127' title='bbox 300 2500 409 2570; x_wconf 80' lang='lat' dir='ltr'><strong>arietis</strong></span> <span class='ocrx_word' id='word_1_128' title='bbox 440 2512 472 2566; x_wconf 89' lang='lat' dir='ltr'><strong>et</strong></span> <span class='ocrx_word' id='word_1_129' title='bbox 496 2497 674 2568; x_wconf 87' lang='lat' dir='ltr'><strong>Martem&#39;</strong></span> <span class='ocrx_word' id='word_1_130' title='bbox 665 2518 698 2566; x_wconf 89' lang='lat' dir='ltr'><strong>nn</strong></span> <span class='ocrx_word' id='word_1_131' title='bbox 730 2501 791 2567; x_wconf 85' lang='lat' dir='ltr'><strong>fine</strong></span> <span class='ocrx_word' id='word_1_132' title='bbox 821 2497 1040 2586; x_wconf 86' lang='lat' dir='ltr'><strong>quintidecimi</strong></span> <span class='ocrx_word' id='word_1_133' title='bbox 1067 2502 1188 2603; x_wconf 32' lang='lat' dir='ltr'><strong>gradus·</strong></span> 
     </span>
     <span class='ocr_line' id='line_1_18' title="bbox 133 2611 1185 2708; baseline 0.005 -29"><span class='ocrx_word' id='word_1_134' title='bbox 133 2616 200 2683; x_wconf 81' lang='lat' dir='ltr'><strong>tauri</strong></span> <span class='ocrx_word' id='word_1_135' title='bbox 228 2616 347 2706; x_wconf 82' lang='lat' dir='ltr'>absque</span> <span class='ocrx_word' id='word_1_136' title='bbox 382 2611 562 2708; x_wconf 85' lang='lat' dir='ltr'><strong>latitudine.</strong></span> <span class='ocrx_word' id='word_1_137' title='bbox 628 2613 737 2704; x_wconf 88' lang='lat' dir='ltr'><strong>Qucro</strong></span> <span class='ocrx_word' id='word_1_138' title='bbox 762 2627 877 2702; x_wconf 82' lang='lat' dir='ltr'><strong>quante</strong></span> <span class='ocrx_word' id='word_1_139' title='bbox 897 2615 931 2683; x_wconf 81' lang='lat' dir='ltr'><strong>snt</strong></span> <span class='ocrx_word' id='word_1_140' title='bbox 954 2615 1086 2684; x_wconf 77' lang='lat' dir='ltr'><strong>direthio</strong></span> <span class='ocrx_word' id='word_1_141' title='bbox 1101 2616 1185 2695; x_wconf 79' lang='lat' dir='ltr'><strong>sotis</strong></span> 
     </span>
     <span class='ocr_line' id='line_1_19' title="bbox 133 2725 1185 2819; baseline 0.009 -27"><span class='ocrx_word' id='word_1_142' title='bbox 133 2725 164 2792; x_wconf 89' lang='lat' dir='ltr'><strong>ad</strong></span> <span class='ocrx_word' id='word_1_143' title='bbox 184 2729 333 2803; x_wconf 86' lang='lat' dir='ltr'><strong>Martem.</strong></span> <span class='ocrx_word' id='word_1_144' title='bbox 395 2729 487 2796; x_wconf 91' lang='lat' dir='ltr'><strong>Voco</strong></span> <span class='ocrx_word' id='word_1_145' title='bbox 516 2737 621 2796; x_wconf 86' lang='lat' dir='ltr'><strong>autem</strong></span> <span class='ocrx_word' id='word_1_146' title='bbox 649 2727 855 2796; x_wconf 77' lang='lat' dir='ltr'><strong>direihiouem</strong></span> <span class='ocrx_word' id='word_1_147' title='bbox 886 2747 992 2798; x_wconf 88' lang='lat' dir='ltr'><strong>arcum</strong></span> <span class='ocrx_word' id='word_1_148' title='bbox 1024 2731 1185 2819; x_wconf 79' lang='lat' dir='ltr'><strong>equaturie</strong></span> 
     </span>
    </p>
   </div>
   <div class='ocr_carea' id='block_1_7' title="bbox 104 2806 1329 2944">
    <p class='ocr_par' dir='ltr' id='par_1_7' title="bbox 104 2806 1329 2944">
     <span class='ocr_line' id='line_1_20' title="bbox 104 2806 1329 2944; baseline 0.011 -35"><span class='ocrx_word' id='word_1_149' title='bbox 104 2881 105 2888; x_wconf 24' lang='grc' dir='ltr'><strong>κ</strong></span> <span class='ocrx_word' id='word_1_150' title='bbox 133 2848 262 2928; x_wconf 88' lang='lat' dir='ltr'><strong>quicum</strong></span> <span class='ocrx_word' id='word_1_151' title='bbox 285 2863 362 2912; x_wconf 90' lang='lat' dir='ltr'><strong>arcu</strong></span> <span class='ocrx_word' id='word_1_152' title='bbox 382 2839 528 2930; x_wconf 88' lang='lat' dir='ltr'><strong>ecliptice</strong></span> <span class='ocrx_word' id='word_1_153' title='bbox 544 2843 627 2910; x_wconf 88' lang='lat' dir='ltr'><strong>inter</strong></span> <span class='ocrx_word' id='word_1_154' title='bbox 640 2839 721 2910; x_wconf 78' lang='lat' dir='ltr'><strong>duos</strong></span> <span class='ocrx_word' id='word_1_155' title='bbox 743 2806 961 2928; x_wconf 77' lang='lat' dir='ltr'><strong>fignificatnrec</strong></span> <span class='ocrx_word' id='word_1_156' title='bbox 978 2847 1191 2944; x_wconf 88' lang='lat' dir='ltr'><strong>cumprehen·</strong></span> <span class='ocrx_word' id='word_1_157' title='bbox 1276 2905 1280 2923; x_wconf 82' lang='grc'><em>,</em></span> <span class='ocrx_word' id='word_1_158' title='bbox 1324 2844 1329 2863; x_wconf 84' lang='grc'><em>’</em></span> 
     </span>
    </p>
   </div>
   <div class='ocr_carea' id='block_1_8' title="bbox 104 2945 1185 3046">
    <p class='ocr_par' dir='ltr' id='par_1_8' title="bbox 104 2945 1185 3046">
     <span class='ocr_line' id='line_1_21' title="bbox 104 2945 1185 3046; baseline 0.011 -26"><span class='ocrx_word' id='word_1_159' title='bbox 104 2945 105 2958; x_wconf 70' lang='grc'>’</span> <span class='ocrx_word' id='word_1_160' title='bbox 132 2951 157 3022; x_wconf 88' lang='lat' dir='ltr'><strong>sn</strong></span> <span class='ocrx_word' id='word_1_161' title='bbox 179 2959 344 3045; x_wconf 75' lang='lat' dir='ltr'><strong>pertransit</strong></span> <span class='ocrx_word' id='word_1_162' title='bbox 364 2956 518 3034; x_wconf 85' lang='lat' dir='ltr'><strong>circulum</strong></span> <span class='ocrx_word' id='word_1_163' title='bbox 536 2973 682 3040; x_wconf 74' lang='lat' dir='ltr'><strong>magnum</strong></span> <span class='ocrx_word' id='word_1_164' title='bbox 699 2955 732 3024; x_wconf 93' lang='lat' dir='ltr'><strong>in</strong></span> <span class='ocrx_word' id='word_1_165' title='bbox 751 2978 815 3046; x_wconf 89' lang='lat' dir='ltr'><strong>qun</strong></span> <span class='ocrx_word' id='word_1_166' title='bbox 829 2957 911 3028; x_wconf 83' lang='lat' dir='ltr'><strong>iacet</strong></span> <span class='ocrx_word' id='word_1_167' title='bbox 931 2961 1116 3045; x_wconf 75' lang='lat' dir='ltr'><strong>fignificator</strong></span> <span class='ocrx_word' id='word_1_168' title='bbox 1135 2965 1185 3032; x_wconf 89' lang='lat' dir='ltr'><strong>di·</strong></span> 
     </span>
    </p>
   </div>
   <div class='ocr_carea' id='block_1_9' title="bbox 132 3067 1319 3169">
    <p class='ocr_par' dir='ltr' id='par_1_9' title="bbox 132 3067 1319 3169">
     <span class='ocr_line' id='line_1_22' title="bbox 132 3067 1319 3169; baseline 0.01 -31"><span class='ocrx_word' id='word_1_169' title='bbox 132 3067 152 3134; x_wconf 88' lang='lat' dir='ltr'><strong>ti</strong></span> <span class='ocrx_word' id='word_1_170' title='bbox 155 3073 275 3156; x_wconf 74' lang='lat' dir='ltr'><strong>gendes.</strong></span> <span class='ocrx_word' id='word_1_171' title='bbox 301 3076 376 3146; x_wconf 89' lang='lat' dir='ltr'><strong>uolo</strong></span> <span class='ocrx_word' id='word_1_172' title='bbox 396 3071 506 3142; x_wconf 85' lang='lat' dir='ltr'><strong>dicere</strong></span> <span class='ocrx_word' id='word_1_173' title='bbox 534 3069 686 3141; x_wconf 89' lang='lat' dir='ltr'><strong>circulum</strong></span> <span class='ocrx_word' id='word_1_174' title='bbox 707 3089 855 3156; x_wconf 75' lang='lat' dir='ltr'><strong>magnum</strong></span> <span class='ocrx_word' id='word_1_175' title='bbox 873 3093 932 3160; x_wconf 85' lang='lat' dir='ltr'><strong>per</strong></span> <span class='ocrx_word' id='word_1_176' title='bbox 952 3090 1094 3146; x_wconf 88' lang='lat' dir='ltr'><strong>centrum</strong></span> <span class='ocrx_word' id='word_1_177' title='bbox 1114 3077 1187 3148; x_wconf 76' lang='lat' dir='ltr'><strong>solis</strong></span> <span class='ocrx_word' id='word_1_178' title='bbox 1315 3161 1319 3169; x_wconf 27' lang='lat'><strong>¹</strong></span> 
     </span>
    </p>
   </div>
   <div class='ocr_carea' id='block_1_10' title="bbox 104 3179 1290 4002">
    <p class='ocr_par' dir='ltr' id='par_1_10' title="bbox 104 3179 1290 3988">
     <span class='ocr_line' id='line_1_23' title="bbox 132 3179 1235 3278; baseline 0.012 -24"><span class='ocrx_word' id='word_1_179' title='bbox 132 3185 243 3276; x_wconf 89' lang='lat' dir='ltr'><strong>duoque</strong></span> <span class='ocrx_word' id='word_1_180' title='bbox 272 3186 390 3278; x_wconf 73' lang='lat' dir='ltr'><strong>punita</strong></span> <span class='ocrx_word' id='word_1_181' title='bbox 407 3179 578 3256; x_wconf 75' lang='lat' dir='ltr'><strong>scitiunum</strong></span> <span class='ocrx_word' id='word_1_182' title='bbox 608 3187 761 3256; x_wconf 84' lang='lat' dir='ltr'><strong>orizontis</strong></span> <span class='ocrx_word' id='word_1_183' title='bbox 788 3200 820 3256; x_wconf 87' lang='lat' dir='ltr'><strong>ct</strong></span> <span class='ocrx_word' id='word_1_184' title='bbox 847 3189 1014 3262; x_wconf 86' lang='lat' dir='ltr'><strong>meridiani</strong></span> <span class='ocrx_word' id='word_1_185' title='bbox 1037 3195 1188 3266; x_wconf 88' lang='lat' dir='ltr'><strong>incedcn·</strong></span> <span class='ocrx_word' id='word_1_186' title='bbox 1230 3179 1235 3194; x_wconf 54' lang='lat'>⁴</span> 
     </span>
     <span class='ocr_line' id='line_1_24' title="bbox 104 3271 1188 3397; baseline 0.017 -31"><span class='ocrx_word' id='word_1_187' title='bbox 104 3323 105 3342; x_wconf 58' lang='lat'>¹</span> <span class='ocrx_word' id='word_1_188' title='bbox 133 3311 194 3372; x_wconf 87' lang='lat' dir='ltr'><strong>tenu</strong></span> <span class='ocrx_word' id='word_1_189' title='bbox 244 3307 325 3376; x_wconf 89' lang='lat' dir='ltr'><strong>Non</strong></span> <span class='ocrx_word' id='word_1_190' title='bbox 348 3304 431 3372; x_wconf 83' lang='lat' dir='ltr'><strong>eninr</strong></span> <span class='ocrx_word' id='word_1_191' title='bbox 454 3307 530 3371; x_wconf 85' lang='lat' dir='ltr'><strong>latet</strong></span> <span class='ocrx_word' id='word_1_192' title='bbox 554 3311 584 3370; x_wconf 90' lang='lat' dir='ltr'><strong>te</strong></span> <span class='ocrx_word' id='word_1_193' title='bbox 600 3271 699 3390; x_wconf 88' lang='lat' dir='ltr'><strong>quod</strong></span> <span class='ocrx_word' id='word_1_194' title='bbox 724 3301 867 3385; x_wconf 69' lang='lat' dir='ltr'><strong>dirigere</strong></span> <span class='ocrx_word' id='word_1_195' title='bbox 890 3308 1070 3394; x_wconf 85' lang='lat' dir='ltr'><strong>quempiam</strong></span> <span class='ocrx_word' id='word_1_196' title='bbox 1097 3313 1188 3397; x_wconf 58' lang='lat' dir='ltr'><strong>signif</strong></span> 
     </span>
     <span class='ocr_line' id='line_1_25' title="bbox 133 3413 1188 3496; baseline 0.013 -14"><span class='ocrx_word' id='word_1_197' title='bbox 133 3417 276 3490; x_wconf 86' lang='lat' dir='ltr'><strong>icatnrcm</strong></span> <span class='ocrx_word' id='word_1_198' title='bbox 304 3419 479 3492; x_wconf 77' lang='lat' dir='ltr'><strong>diretiione</strong></span> <span class='ocrx_word' id='word_1_199' title='bbox 504 3416 611 3486; x_wconf 86' lang='lat' dir='ltr'><strong>saltem</strong></span> <span class='ocrx_word' id='word_1_200' title='bbox 632 3417 753 3486; x_wconf 74' lang='lat' dir='ltr'><strong>diretta</strong></span> <span class='ocrx_word' id='word_1_201' title='bbox 778 3439 840 3486; x_wconf 88' lang='lat' dir='ltr'><strong>non</strong></span> <span class='ocrx_word' id='word_1_202' title='bbox 862 3413 906 3484; x_wconf 83' lang='lat' dir='ltr'><strong>est</strong></span> <span class='ocrx_word' id='word_1_203' title='bbox 934 3419 1020 3488; x_wconf 83' lang='lat' dir='ltr'><strong>eliud</strong></span> <span class='ocrx_word' id='word_1_204' title='bbox 1043 3424 1097 3493; x_wconf 85' lang='lat' dir='ltr'><strong>nisa</strong></span> <span class='ocrx_word' id='word_1_205' title='bbox 1120 3448 1188 3496; x_wconf 85' lang='lat' dir='ltr'><strong>nno·</strong></span> 
     </span>
     <span class='ocr_line' id='line_1_26' title="bbox 104 3505 1189 3622; baseline 0.017 -27"><span class='ocrx_word' id='word_1_206' title='bbox 104 3519 105 3522; x_wconf 44' lang='lat'>&#39;</span> <span class='ocrx_word' id='word_1_207' title='bbox 133 3547 194 3599; x_wconf 84' lang='lat' dir='ltr'><strong>uere</strong></span> <span class='ocrx_word' id='word_1_208' title='bbox 214 3532 359 3622; x_wconf 83' lang='lat' dir='ltr'><strong>spheram</strong></span> <span class='ocrx_word' id='word_1_209' title='bbox 382 3535 484 3602; x_wconf 89' lang='lat' dir='ltr'><strong>donec</strong></span> <span class='ocrx_word' id='word_1_210' title='bbox 501 3535 592 3620; x_wconf 20' lang='lat' dir='ltr'><strong>&#39;locus</strong></span> <span class='ocrx_word' id='word_1_211' title='bbox 612 3505 762 3622; x_wconf 59' lang='lat' dir='ltr'><strong>sequen,</strong></span> <span class='ocrx_word' id='word_1_212' title='bbox 800 3532 951 3602; x_wconf 82' lang='lat' dir='ltr'><strong>terminus</strong></span> <span class='ocrx_word' id='word_1_213' title='bbox 977 3517 1128 3610; x_wconf 68' lang='lat' dir='ltr'><strong>uidelicet</strong></span> <span class='ocrx_word' id='word_1_214' title='bbox 1146 3543 1189 3612; x_wconf 84' lang='lat' dir='ltr'><strong>ad</strong></span> 
     </span>
     <span class='ocr_line' id='line_1_27' title="bbox 104 3628 1193 3736; baseline 0.006 -16"><span class='ocrx_word' id='word_1_215' title='bbox 104 3687 105 3720; x_wconf 80' lang='grc'>;</span> <span class='ocrx_word' id='word_1_216' title='bbox 134 3667 215 3732; x_wconf 80' lang='lat' dir='ltr'><strong>quem</strong></span> <span class='ocrx_word' id='word_1_217' title='bbox 241 3645 431 3718; x_wconf 87' lang='lat' dir='ltr'><strong>transfertur</strong></span> <span class='ocrx_word' id='word_1_218' title='bbox 464 3649 504 3716; x_wconf 85' lang='lat' dir='ltr'><strong>ad</strong></span> <span class='ocrx_word' id='word_1_219' title='bbox 533 3649 620 3716; x_wconf 74' lang='lat' dir='ltr'><strong>situm</strong></span> <span class='ocrx_word' id='word_1_220' title='bbox 648 3643 774 3714; x_wconf 74' lang='lat' dir='ltr'><strong>similem</strong></span> <span class='ocrx_word' id='word_1_221' title='bbox 800 3646 830 3712; x_wconf 88' lang='lat' dir='ltr'><strong>ei</strong></span> <span class='ocrx_word' id='word_1_222' title='bbox 854 3643 887 3714; x_wconf 85' lang='lat' dir='ltr'><strong>in</strong></span> <span class='ocrx_word' id='word_1_223' title='bbox 911 3669 974 3736; x_wconf 91' lang='lat' dir='ltr'><strong>quo</strong></span> <span class='ocrx_word' id='word_1_224' title='bbox 1005 3628 1193 3736; x_wconf 69' lang='lat' dir='ltr'><strong>significatae</strong></span> 
     </span>
     <span class='ocr_line' id='line_1_28' title="bbox 131 3740 1290 3850; baseline 0.018 -24"><span class='ocrx_word' id='word_1_225' title='bbox 131 3757 187 3846; x_wconf 86' lang='lat' dir='ltr'><strong>ipse</strong></span> <span class='ocrx_word' id='word_1_226' title='bbox 172 3763 410 3850; x_wconf 78' lang='lat' dir='ltr'><strong>edirigendus</strong></span> <span class='ocrx_word' id='word_1_227' title='bbox 446 3758 721 3831; x_wconf 74' lang='lat' dir='ltr'><strong>constituebatur.¹</strong></span> <span class='ocrx_word' id='word_1_228' title='bbox 761 3760 1026 3845; x_wconf 76' lang='lat' dir='ltr'><strong>quemadmodum</strong></span> <span class='ocrx_word' id='word_1_229' title='bbox 1053 3767 1190 3845; x_wconf 87' lang='lat' dir='ltr'><strong>trahitur</strong></span> <span class='ocrx_word' id='word_1_230' title='bbox 1242 3740 1253 3842; x_wconf 52' lang='lat' dir='ltr'><strong>s</strong></span> <span class='ocrx_word' id='word_1_231' title='bbox 1287 3774 1290 3778; x_wconf 68' lang='grc'><strong>’</strong></span> 
     </span>
     <span class='ocr_line' id='line_1_29' title="bbox 132 3872 1192 4002; baseline 0.02 -62"><span class='ocrx_word' id='word_1_232' title='bbox 132 3893 164 3942; x_wconf 87' lang='lat' dir='ltr'><strong>ex</strong></span> <span class='ocrx_word' id='word_1_233' title='bbox 187 3879 301 3950; x_wconf 86' lang='lat' dir='ltr'><strong>uerbis</strong></span> <span class='ocrx_word' id='word_1_234' title='bbox 314 3877 468 3948; x_wconf 87' lang='lat' dir='ltr'><strong>Ptolemei</strong></span> <span class='ocrx_word' id='word_1_235' title='bbox 496 3876 529 3986; x_wconf 90' lang='lat' dir='ltr'><strong>in</strong></span> <span class='ocrx_word' id='word_1_236' title='bbox 545 3875 642 3944; x_wconf 89' lang='lat' dir='ltr'><strong>tercio</strong></span> <span class='ocrx_word' id='word_1_237' title='bbox 667 3872 891 4002; x_wconf 80' lang='lat' dir='ltr'><strong>quadripartiti</strong></span> <span class='ocrx_word' id='word_1_238' title='bbox 912 3875 951 3966; x_wconf 69' lang='lat' dir='ltr'><strong>i¹)</strong></span> <span class='ocrx_word' id='word_1_239' title='bbox 971 3883 1109 3974; x_wconf 88' lang='lat' dir='ltr'><strong>capitulo</strong></span> <span class='ocrx_word' id='word_1_240' title='bbox 1127 3911 1187 3960; x_wconf 92' lang='lat' dir='ltr'><strong>un</strong></span> <span class='ocrx_word' id='word_1_241' title='bbox 1188 3973 1192 3988; x_wconf 39' lang='grc'>1</span> 
     </span>
    </p>
   </div>
   <div class='ocr_carea' id='block_1_11' title="bbox 156 3996 1188 4215">
    <p class='ocr_par' dir='ltr' id='par_1_11' title="bbox 156 3996 1188 4215">
     <span class='ocr_line' id='line_1_30' title="bbox 156 3996 1188 4215; baseline -0.093 -39.067"><span class='ocrx_word' id='word_1_242' title='bbox 156 4105 326 4184; x_wconf 74' lang='lat' dir='ltr'><strong>&#39;stuperem</strong></span> <span class='ocrx_word' id='word_1_243' title='bbox 340 4107 456 4164; x_wconf 85' lang='lat' dir='ltr'><strong>tribuitur</strong></span> <span class='ocrx_word' id='word_1_244' title='bbox 474 4105 628 4164; x_wconf 68' lang='lat' dir='ltr'><strong>Ptolemaeo.</strong></span> <span class='ocrx_word' id='word_1_245' title='bbox 647 4101 707 4166; x_wconf 78' lang='lat' dir='ltr'><strong>tte.</strong></span> <span class='ocrx_word' id='word_1_246' title='bbox 725 4100 796 4178; x_wconf 64' lang='lat' dir='ltr'><strong>sap„</strong></span> <span class='ocrx_word' id='word_1_247' title='bbox 811 4117 869 4176; x_wconf 63' lang='lat' dir='ltr'><strong>m</strong></span> <span class='ocrx_word' id='word_1_248' title='bbox 887 4114 934 4176; x_wconf 54' lang='lat'><strong>⁴4</strong></span> <span class='ocrx_word' id='word_1_249' title='bbox 1052 4191 1059 4215; x_wconf 32' lang='grc' dir='ltr'><strong>ι</strong></span> <span class='ocrx_word' id='word_1_250' title='bbox 1100 3996 1188 4082; x_wconf 80' lang='lat' dir='ltr'><strong>deci·</strong></span> 
     </span>
    </p>
   </div>
   <div class='ocr_carea' id='block_1_12' title="bbox 0 0 1480 5092">
    <p class='ocr_par' dir='ltr' id='par_1_12' title="bbox 0 0 1480 5092">
     <span class='ocr_line' id='line_1_31' title="bbox 0 0 1480 5092; baseline 0 0"><span class='ocrx_word' id='word_1_251' title='bbox 0 0 1480 5092; x_wconf 95' lang='lat' dir='ltr'><strong> </strong></span> 
     </span>
    </p>
   </div>
  </div>
 </body>
</html>
