2950 5092
208 514 212 525 ·
346 488 501 583 rerer.
528 424 989 595 centonomium
1052 552 1079 609 .,
1119 506 1189 581 122

205 676 238 751 6.
267 686 494 771 Quadrangulo,
524 682 615 751 cuius
639 680 754 752 duo'
743 683 882 751 rnuicem
916 678 1052 767 oppofiti
1082 682 1192 763 anguli

136 799 246 866 duobus
266 800 359 868 redis
378 800 589 887 equipollent,
631 783 785 865 circulum
802 794 1077 899 circumscribere.
1142 796 1192 863 Sit

136 919 188 981 tale
200 918 442 1001 quadrangulum
462 934 481 979 a
500 914 524 979 b
548 933 570 998 g
589 912 624 991 d,
646 907 737 979 cuius
754 913 818 979 duo
840 912 946 995 anguli
964 912 1000 978 b
1013 923 1045 979 et
1069 910 1091 979 d
1112 910 1205 1018 duo-h
1293 970 1297 981 .

136 1029 185 1094 buc
205 1032 294 1097 tellis
321 1023 547 1115 conluebant,
590 1028 735 1098 uolumus
761 1026 792 1093 ei
815 1024 1070 1095 circumscribere
1091 1028 1193 1122 circu
1211 1062 1212 1067 ι
1288 1063 1291 1071 ·

134 1145 198 1211 lum.
253 1143 356 1213 Dotia
376 1144 531 1211 diametro
556 1162 575 1209 a
601 1155 624 1227 g
648 1162 690 1209 ex
708 1121 855 1230 processu
878 1140 1095 1229 anteptcmilse
1118 1161 1194 1209 con·

134 1254 311 1343 sequemur
301 1270 471 1336 intentum.

201 1452 232 1519 7.
260 1434 331 1505 Si·
321 1454 354 1502 ιιι
381 1393 597 1520 quadrangulo
624 1392 790 1503 retlirineo
820 1435 908 1523 quod
939 1436 1058 1517 circulo
1083 1430 1193 1501 inseri·
1271 1523 1272 1531 ἵ

131 1546 224 1625 bitur,
266 1550 331 1617 due
353 1550 422 1616 eius
442 1552 590 1619 diametri
620 1552 838 1639 producantur
867 1550 898 1617 se
930 1550 1088 1630 secantes,
1132 1550 1194 1616 crit

132 1666 280 1751 proportio
309 1665 403 1733 unius
427 1667 527 1752 partis
556 1668 597 1732 ad
616 1668 771 1752 reliquam
792 1664 930 1733 eiusdem
950 1662 1096 1732 diametri
1117 1680 1194 1747 par

131 1788 186 1844 tem
211 1780 282 1846 srcut
316 1780 384 1847 eius
416 1784 504 1881 quod
539 1778 597 1848 sub
625 1782 752 1849 duobus
783 1760 935 1848 lateribus
971 1778 1192 1865 quadranguli

130 1890 193 1959 hinc
211 1894 379 1981 partibus
385 1874 666 1962 conterminalibus
698 1900 879 1961 continetur
906 1896 946 1960 ad
966 1894 1002 1959 id
1027 1894 1114 1979 quod
1134 1891 1194 1959 sub

130 2009 250 2093 reliquis
271 2008 399 2076 duobris
418 2009 572 2076 lateribus
595 2007 685 2075 alteri
707 2009 860 2077 uidelicet
881 2010 965 2097 parti
987 2007 1195 2084 contermina·
1279 2102 1281 2109 Α

129 2119 204 2189 libus
223 2101 403 2191 continetur
424 2122 651 2208 retianguium.
677 2130 713 2190 ln
733 2126 832 2206 ligura
854 2124 987 2210 clarebit
1008 2122 1196 2220 facilium

131 2238 344 2323 Quadrangulo
370 2260 387 2304 a
411 2239 436 2304 b
456 2256 479 2322 g
499 2238 522 2334 d
543 2236 798 2324 circumscriptus
823 2240 857 2307 stt
879 2220 1013 2307 circulus
1035 2226 1052 2305 a
1078 2240 1101 2305 b
1128 2237 1196 2321 gd

129 2349 238 2437 surtque
258 2354 324 2421 due
350 2330 418 2431 eius
440 2342 587 2419 diametri
608 2352 630 2417 b
652 2352 676 2417 d
698 2364 769 2418 eta
794 2350 974 2437 g'secantes
999 2352 1030 2420 se
1055 2354 1089 2419 in
1111 2374 1193 2439 pun·

130 2461 171 2531 tto
189 2466 219 2531 h.
264 2469 346 2535 Dico
367 2467 456 2559 quod
474 2447 649 2555 proportio
666 2466 751 2533 linee
772 2466 795 2533 b
816 2464 839 2529 h
859 2468 899 2533 ad
922 2467 1037 2534 lincam
1057 2466 1079 2531 h
1101 2468 1123 2533 d
1147 2464 1194 2533 est

129 2592 160 2646 ut
180 2583 347 2669 proportio
370 2583 438 2649 eius
466 2582 554 2667 quod
572 2560 768 2645 ‘continetur
792 2576 850 2645 sub
882 2580 1007 2645 duobus
1039 2580 1245 2664 lateribue‘
1311 2584 1316 2597 “
1383 2572 1384 2665 ζ

129 2694 173 2759 ab
195 2707 232 2763 et
250 2697 274 2763 b
297 2715 319 2779 g
340 2695 380 2761 ad
401 2694 436 2762 id
458 2698 545 2779 quod
564 2696 743 2783 continetur
764 2691 821 2761 sub
841 2694 1002 2763 duobusa
1027 2694 1050 2760 d
1071 2707 1103 2761 et
1122 2694 1194 2783 dg.

129 2808 216 2877 Cuius
240 2807 500 2879 demonstrationi
525 2809 773 2879 incumbendum
802 2807 858 2877 est
922 2810 987 2879 Aut
1013 2811 1098 2877 enim
1128 2811 1196 2877 duo

128 2926 224 3006 anguli
244 2927 267 2994 b
290 2947 308 2993 a
330 2936 408 3011 get
432 2909 694 3011 gadequales
715 2921 786 2991 sunt
807 2901 861 3003 aut
885 2946 959 2993 non.
1013 2926 1050 2993 Si
1072 2923 1195 2991 fuerint

127 3042 244 3124 equales
265 3052 360 3109 crunt
380 3052 413 3108 et
432 3042 497 3109 due
517 3042 615 3109 corde
637 3039 696 3124 bg
721 3050 798 3107 οιι
776 3084 795 3123 a
817 3040 839 3105 d
860 3059 920 3124 per
944 3055 987 3125 25
1012 3043 1114 3114 et28
1128 3052 1196 3105 ter·

127 3152 165 3219 cii
184 3158 323 3242 equales.
344 3177 405 3243 per
423 3156 554 3224 terciam
576 3166 681 3221 autem
701 3151 784 3221 sexti
803 3154 972 3240 proportio
998 3176 1016 3221 ι
1037 3153 1059 3217 h
1081 3156 1121 3223 ad
1138 3153 1202 3234 hd
1245 3168 1248 3175 ⁴
1336 3225 1339 3230 ,

126 3269 234 3340 icutb
256 3294 275 3341 a
301 3272 342 3341 ad
362 3272 422 3341 ad
451 3285 483 3339 et
513 3272 584 3338 talis
615 3270 710 3337 etiam
740 3267 784 3336 eli
811 3270 979 3357 proportio
1008 3270 1076 3338 eius
1105 3269 1196 3357 quod
1253 3258 1260 3275 ‘
1298 3288 1300 3295 ’
1383 3272 1384 3283 ’

126 3381 179 3452 sub
201 3403 224 3469 g
242 3388 268 3455 b
289 3388 364 3455 etb
384 3408 402 3454 a
422 3385 524 3470 adid
548 3384 636 3472 quod
655 3366 714 3453 sub
737 3405 755 3451 ιι
779 3384 803 3453 d
824 3398 857 3453 et
876 3387 900 3453 d
924 3406 957 3472 g,
986 3388 1089 3473 prima
1112 3384 1196 3454 sexti

128 3485 271 3581 arguente
299 3502 436 3591 propter
461 3503 540 3571 duas
568 3499 679 3566 cordas
703 3500 728 3567 b
754 3520 775 3587 g
799 3502 873 3569 etd
903 3519 925 3584 g
947 3507 1088 3590 equales.
1155 3501 1195 3579 Si

125 3634 196 3681 uero
217 3619 303 3683 alter
320 3615 476 3686 dislorum
504 3617 689 3701 angulorum
710 3617 809 3683 altero
829 3614 931 3683 maior
954 3618 988 3685 nt
1010 3618 1102 3687 uerbi
1125 3636 1196 3701 gra·

126 3727 322 3816 drengotus
343 3746 366 3811 g
386 3750 405 3796 a
424 3731 449 3797 d
468 3730 569 3810 maior
589 3732 705 3813 angulo
729 3729 753 3796 b
779 3748 857 3815 ap.
872 3730 924 3797 liat
945 3733 1079 3814 angulus
1103 3752 1120 3796 e
1141 3732 1199 3799 ad

128 3842 244 3928 equalis
264 3845 380 3927 angulo
401 3843 425 3910 b
445 3865 463 3910 a
484 3860 517 3927 g,
542 3844 645 3915 duilio
668 3842 774 3912 cordis
794 3845 817 3913 b
843 3866 861 3911 e
891 3858 923 3914 et
947 3848 970 3915 d
997 3868 1026 3927 c,
1054 3846 1196 3933 itemque

127 3972 178 4023 ae
200 3951 328 4023 secante
349 3955 478 4027 cordam
502 3959 527 4029 b
551 3961 576 4033 d
596 3961 631 4031 in
650 3963 684 4033 k.
709 3962 795 4037 unde
815 3959 971 4033 constabit
992 3962 1122 4035 cordam
1140 3958 1207 4066 cd'
1293 3964 1295 3967 ’

1052 4124 1055 4131 -
1096 4096 1195 4164 cquae.

154 4186 183 4258 ι)
199 4186 260 4245 ιιι,
277 4187 381 4260 ro,;,
394 4190 499 4260 trax.
597 4193 602 4212 ·
