2950 5092
274 502 460 675 'rursu
487 524 956 661 unmonuuunun
1063 506 1165 633 ἰμ’
1221 612 1228 629 ,

209 727 242 796 ln
261 724 393 815 septimo
419 724 541 795 subieci
569 736 634 794 tres
663 673 764 793 socios
791 724 1001 794 communiter
1029 723 1163 815 puluillis
1229 758 1233 765 ·
1272 794 1284 809 ,
1346 822 1347 831 ¹

116 854 154 922 70
171 840 290 911 ducatos
315 856 348 911 et
374 848 518 927 luctatos
539 836 630 907 fuisse
657 852 720 909 etc.
758 860 821 925 non
842 840 911 908 dixi
934 862 988 910 eos
1009 844 1165 930 equaliter

116 953 234 1038 posuisse.
265 956 319 1029 sed
342 958 427 1028 simul
449 967 485 1023 et
503 952 713 1021 communiter
733 958 766 1022 in
793 954 954 1043 principio
977 956 1048 1023 anui
1069 952 1171 1030 uerbi

117 1071 198 1154 gratia
220 1072 352 1160 posuisse
378 1049 425 1157 po
447 1071 580 1139 ducatos
608 1069 653 1140 ita
677 1070 765 1155 quod
792 1068 1003 1158 unusquisque
1025 1068 1168 1159 posuelit

117 1198 220 1269 partem
239 1184 332 1262 suam,
360 1185 415 1255 sed
437 1184 733 1289 completisxt'ribus
755 1184 908 1253 mensibus
933 1183 1055 1269 primus
1075 1204 1168 1254 rece·

117 1296 155 1382 pit
172 1298 295 1387 capitale
320 1297 409 1368 suum
435 1288 508 1367 cum
532 1302 623 1367 lucro
646 1296 702 1366 suu
733 1301 830 1367 trium
852 1300 1000 1369 menium
1022 1311 1053 1367 et
1079 1301 1168 1371 inue-

117 1410 154 1477 nit
175 1428 210 1498 15
231 1417 369 1483 ducatos.
402 1412 457 1481 sed
482 1410 546 1483 'duo
568 1413 715 1501 capitalia
735 1416 871 1482 duorum
891 1414 1087 1501 reliquorum
1107 1415 1169 1484 lle-⁴
1209 1500 1213 1517 ι

117 1536 204 1595 terunt
230 1530 362 1618 amplius
388 1548 448 1617 per
474 1530 555 1597 duos
580 1526 701 1596 menses
725 1530 771 1596 ita
799 1530 887 1617 quud
917 1530 1012 1597 ambo
1033 1530 1067 1597 in
1099 1545 1169 1600 tuto

117 1638 236 1711 steterint
255 1666 314 1732 per
337 1644 478 1732 quinque
499 1642 631 1720 menses,
657 1642 773 1731 quibus
791 1646 927 1729 expletis
947 1642 1101 1715 secundus
1119 1669 1171 1715 re·

118 1758 186 1841 cepit
207 1760 338 1845 capitale
369 1757 457 1827 suum
480 1772 563 1823 ‘curn
595 1760 704 1834 lucro,
734 1768 767 1825 et
796 1758 925 1841 collegit
954 1775 998 1846 25
1035 1762 1171 1830 ducatos
1199 1826 1203 1831 .
1332 1804 1339 1817 -

117 1872 246 1958 amplius,
277 1874 413 1963 capitale
434 1868 631 1940 tertii‘stetit
651 1890 829 1958 perunum
849 1870 987 1941 merisem
1010 1876 1054 1941 ita
1080 1876 1171 1962 quod

117 1982 142 2050 in
157 1997 215 2054 toto
234 1986 320 2057 stetit
340 2008 399 2075 per
421 1985 443 2049 6
469 1982 608 2067 menses,
647 1986 764 2073 quibus
786 1987 922 2073 expletis
947 1988 1058 2056 tertius
1080 1990 1188 2060 iuue·¹

118 2103 184 2169 uerit
202 2104 334 2189 capitale
355 2099 446 2171 suum
462 2120 533 2169 cum
546 2104 635 2169 lucro
656 2115 700 2184 5⁰
721 2099 922 2171 ducatorum.
944 2084 1089 2191 qu'eritur
1108 2119 1172 2179 ete.

208 2298 243 2369 Iu
261 2299 374 2370 ouauo
394 2296 478 2365 bene
498 2290 680 2363 reddidistis
700 2315 865 2365 numerum
887 2296 1039 2383 quesitum
1061 2320 1183 2367 numeo.

120 2428 174 2480 tum
197 2429 299 2505 1103.
322 2414 495 2482 seeundum
517 2399 620 2485 autem
645 2424 752 2497 3313·
774 2412 856 2481 Satis
878 2410 932 2479 est.
959 2434 1030 2481 nam
1059 2414 1175 2482 infiniti

120 2524 175 2595 sunt
191 2534 263 2599 tales
288 2544 427 2616 quorum
446 2542 593 2593 numerus
620 2519 787 2609 est1103.
814 2524 890 2593 huic
912 2526 932 2593 sa
957 2527 1175 2595 addiderimus

121 2662 263 2715 numerum
292 2652 492 2713 numeratum
528 2638 568 2705 ab
599 2638 672 2723 ipsas
702 2637 805 2707 tribus
837 2640 1028 2711 diuisoribus
1055 2640 1175 2709 scilicet

125 2770 166 2838 17.
192 2775 242 2851 ¹3·
265 2768 298 2827 et
330 2772 388 2827 ιο.
414 2752 586 2821 habebitur
606 2748 781 2835 secundus,
822 2752 899 2823 item
925 2756 1039 2825 eodem
1065 2755 1176 2825 addito

123 2868 229 2943 resultat
253 2870 370 2942 tertius
394 2882 463 2940 etc.
563 2944 566 2950 ,
1115 2862 1119 2878 ’

216 3066 288 3134 Hec
319 3063 365 3137 de
393 3057 518 3152 quesitis
546 3058 623 3131 meis
653 3025 786 3151 adque
811 3058 887 3132 licet
915 3050 1179 3149 sufficientissime

124 3172 354 3265 responderitis,
393 3180 489 3249 libuit
520 3190 624 3248 tamen
653 3176 737 3245 circa
768 3181 991 3267 capitumet
1018 3180 1206 3249 immorari‘

127 3310 176 3375 quo
193 3296 376 3366 seutentiam
397 3313 497 3363 meam
517 3288 640 3379 planius
662 3286 858 3381 acciperetis.
901 3288 998 3383 Nunc
1019 3298 1060 3363 ad
1081 3297 1185 3365 inter·
1295 3375 1299 3391 s

124 3424 216 3490 togata
236 3406 342 3483 uestra
362 3408 563 3497 respondebo
594 3425 687 3497 quam
707 3408 898 3497 paucissimis
919 3424 1044 3498 potero,
1115 3410 1183 3477 Pri·

127 3540 197 3595 mum
220 3540 287 3598 erat
313 3528 407 3597 illud.
472 3523 555 3593 Tres
587 3524 657 3593 sunt
678 3520 766 3592 stelle
792 3546 832 3593 cx
858 3523 973 3613 quibus
998 3528 1061 3595 due
1088 3522 1185 3610 super

127 3640 223 3709 todem
250 3645 356 3731 gradu
385 3637 533 3729 ecliptico
563 3640 711 3709 dicuntur
737 3630 798 3737 elie
824 3630 877 3709 sed
901 3660 962 3725 per
985 3642 1186 3713 latitudinum

126 3752 243 3843 abipsa
274 3756 471 3827 declinantes
495 3747 604 3824 uersus
633 3746 891 3851 septentrionem.
931 3744 1037 3841 prima*
1066 3756 1204 3825 seilicet·

127 3882 175 3949 per
193 3889 243 3954 gr.
264 3858 295 3961 3¹
309 3874 430 3943 minuta
452 3880 508 3958 ἲς.
534 3869 671 3940 secunda
694 3890 771 3939 uero
795 3880 852 3955 per
879 3860 996 3955 gradus
1019 3866 1060 3945 28
1085 3869 1187 3937 minu·
1299 3854 1303 3862 ¹

127 3986 223 4069 ὴ48.
255 3988 353 4059 tertia
381 4004 486 4059 autem
513 3986 599 4055 stella
626 3980 707 4071 ipsas
735 3981 893 4071 predislas
923 3982 1056 4072 sequens
1079 3984 1188 4051 secun·

127 4094 193 4174 dum
212 4097 439 4185 suceeffiouem
462 4103 618 4188 ignorum
634 4099 673 4288 {n
699 4117 749 4187 pr.
775 4096 949 4205 {minutis
980 4106 1022 4189 ις
1047 4094 1185 4183 penino-

673 4221 695 4277 a
766 4223 768 4229 ’
901 4253 906 4264 ·
1118 4228 1188 4281 rom

1295 906 1303 947 l
