2950 5092
260 459 373 552 κιςε
538 377 805 580 ‚urnrrorrn
830 447 959 532 nnn.
986 449 1111 547 non.
1179 408 1182 417 ’
1220 507 1229 526 .

250 686 254 699 =
297 627 426 716 decimo
454 641 510 712 ubi
538 643 629 716 dicit.
688 647 763 718 Nec
780 651 945 742 ¹contingit
966 649 1060 720 etiarn
1091 648 1128 724 ut
1153 647 1295 740 tespeslu
1311 650 1359 720 ia·

288 759 367 832 'sum
388 737 547 842 drictum,
572 759 692 834 scilicet
713 764 869 854 urieuntis
889 777 920 836 et
947 765 1128 850 meridiani,
1152 767 1188 838 lit
1212 787 1273 838 una
1300 767 1357 837 eius

226 885 231 900 ¹
295 873 408 962 pontio
441 871 495 944 nist
525 887 596 944 eum
624 877 721 947 fuerit
749 878 851 969 prope
883 881 954 952 loca
979 901 1043 972 que
1068 877 1138 952 sunt
1164 877 1259 967 supra
1280 877 1360 948 semi·

259 1051 262 1060 .
296 985 448 1059 circulum
475 1009 515 1058 etr
544 991 670 1064 circulis
697 1013 758 1080 per
784 999 889 1066 locum
916 1017 1113 1068 communem
1139 995 1251 1066 circuli
1272 993 1361 1063 medii

296 1103 357 1179 cali
396 1087 567 1174 et'circuli
588 1105 751 1204 ⁴orizontis
782 1122 858 1180 tunc
894 1109 1095 1202 serpentibus
1130 1122 1192 1186 etc.
1260 1109 1357 1198 Super

295 1218 412 1308 quibus
438 1219 546 1288 uerbis
566 1219 641 1288 Hali
672 1239 898 1294 commentator
916 1229 1069 1316 Oportet,
1089 1223 1205 1312 inquit,
1238 1245 1293 1295 nos
1313 1243 1362 1312 pe·

294 1345 362 1404 tere
393 1335 426 1404 in
464 1343 531 1404 toto
564 1333 651 1422 hileg
683 1337 885 1408 medietatem
916 1336 1027 1410 circuli
1058 1337 1090 1406 in
1122 1357 1187 1424 qua
1229 1349 1361 1406 moratur

166 1498 172 1511 t
291 1443 529 1550 superterram
560 1461 591 1520 et
615 1451 701 1538 quod
729 1448 921 1543 incipiamus
939 1454 1042 1524 ‘atrzir
1072 1449 1245 1521 secundum
1267 1449 1361 1520 ascen·

292 1563 391 1634 iones
418 1563 597 1632 medietatis
620 1565 714 1634 huius
739 1567 852 1637 eircull
874 1579 938 1638 etc.
964 1567 1050 1636 unda
1070 1563 1317 1636 Archidiaccnus
1332 1565 1360 1634 in

201 1729 204 1740 .
290 1677 423 1748 traiirtu
447 1677 658 1748 diteiiionum
685 1677 804 1748 docens
827 1676 935 1748 officio
959 1675 1073 1770 spiere
1099 1677 1198 1748 solide
1217 1676 1360 1746 ditellio·

292 1813 350 1862 nes
374 1793 614 1880 significatorum
640 1798 818 1876 numerare,
850 1790 1079 1864 semicirculum
1096 1796 1161 1884 'iplr
1185 1791 1361 1862 instrumen·

283 1907 489 2010 puadaptari
514 1909 615 1983 iubet.
656 1907 837 1978 in‘durbns
859 1907 1131 1978 intertettmntbcs
1152 1907 1318 1979 meridiani
1333 1919 1361 1976 et

287 2019 451 2092 urizontis.
495 2021 571 2092 Siue
593 2021 692 2110 igitur
715 2019 834 2090 feceris
861 2017 1068 2091 direliiunem
1093 2042 1154 2112 per
1177 2025 1356 2094 utrumlibet

222 2175 227 2201 t
285 2131 455 2220 modorum
482 2133 654 2218 Ptolemei,
690 2135 753 2206 srue
775 2152 836 2222 per
860 2135 990 2204 modum
1007 2136 1168 2206 Alkabicii
1195 2139 1253 2228 qui
1282 2137 1360 2208 esc·

259 2251 392 2342 ,cundo
416 2245 682 2322 modo‘rtotemct
710 2268 774 2317 non
805 2245 849 2316 eli
869 2247 1000 2330 alienus,
1022 2249 1077 2321 stnt
1099 2271 1158 2340 per
1177 2255 1300 2324 tabulas
1317 2251 1360 2322 di·

283 2367 484 2440 restionums
534 2385 643 2436 omncs
666 2361 753 2432 eninr
778 2379 820 2430 ex
847 2363 960 2432 eodem
986 2367 1085 2434 ferme
1112 2381 1239 2438 mantnt
1266 2371 1359 2448 sonte,

282 2503 347 2569 nun
367 2457 501 2550 habebis
527 2479 718 2551 direlilunes
744 2474 860 2548 rationi
888 2474 1108 2570 philosophice
1133 2479 1359 2571 respondentes
1380 2456 1381 2475 ἵ

156 2583 159 2596 ¹
284 2617 348 2688 que
372 2595 546 2669 secundum
574 2593 790 2697 semicirculus
812 2591 975 2688 predistos
1004 2593 1187 2699 eliciuntur
1228 2599 1305 2670 ltem
1329 2599 1359 2666 in

243 2711 248 2728 '
282 2695 395 2783 eadem
426 2711 591 2805 natiuitate
621 2705 770 2799 questuri
799 2711 1005 2800 particulares
1033 2709 1235 2782 conditiones
1267 2711 1359 2800 patrie

281 2827 431 2898 iubemur
460 2823 648 2894 constituere
679 2827 784 2895 locum
809 2820 882 2896 solis
908 2843 968 2916 pru
994 2821 1181 2897 aseendente
1205 2827 1228 2898 li
1254 2830 1360 2913 natiul·

281 2953 329 3014 tas
358 2939 471 3014 diurna
493 2939 591 3010 fucrit
618 2951 651 3011 et
679 2935 808 3032 insuper
831 2952 929 3010 totam
957 2939 1042 3030 patri
1067 2941 1199 3026 liguram
1230 2945 1357 3012 elicere:

279 3059 368 3150 quud
400 3055 645 3150 haudquaquam
674 3054 871 3126 absoluemus
898 3054 952 3126 niti
978 3053 1191 3152 circulnmin
1223 3059 1358 3149 quoia·

280 3187 331 3243 cet
351 3171 397 3244 sol
417 3172 497 3264 ipsc,
536 3185 682 3262 tanquam
706 3167 884 3240 orizontem
906 3171 1073 3260 obliquum
1096 3169 1358 3254 constituerimus,

279 3284 435 3359 circulum
462 3293 588 3376 inquam
611 3305 673 3382 per
694 3287 772 3357 duas
793 3278 1026 3388 irrtqrsclliones
1056 3283 1227 3361 meridiani
1248 3299 1282 3358 et
1299 3285 1355 3356 uri·

229 3399 230 3406 ’
284 3405 391 3476 zontis
426 3399 638 3478 incedentem.
681 3399 725 3470 ita
759 3397 842 3468 enim
871 3398 933 3470 hali
960 3399 1055 3492 super
1082 3403 1221 3490 capitulo
1250 3402 1356 3493 quinto

277 3515 368 3590 tertii
396 3515 619 3608 quadripartiti
645 3525 766 3593 monet.
819 3517 946 3606 .Quero
974 3515 1081 3606 itaque
1112 3537 1153 3586 ex
1179 3515 1356 3608 prescripta

276 3631 442 3704 natiuitate
468 3633 581 3705 diurna
605 3631 661 3704 filii
684 3624 888 3722 primogeniti
907 3631 1032 3703 initium
1050 3627 1160 3702 olicus
1185 3633 1299 3704 domus
1324 3631 1356 3698 in

223 3775 235 3798 s
276 3748 380 3850 ligure
417 3751 543 3838 patris,
594 3747 647 3820 cui
679 3743 900 3819 ascendentem
932 3747 1101 3818 tribuimus
1129 3749 1238 3820 locum
1274 3747 1354 3818 solis.

276 3861 344 3934 Seu
370 3863 414 3940 de
438 3862 488 3938 lris
519 3861 614 3945 tatius
638 3861 852 3969 dissermdum
879 3859 938 3936 ubl
967 3859 1084 3934 litteris
1108 3861 1189 3951 meis
1223 3863 1353 3956 respon·

276 3973 376 4054 deris·
516 4057 521 4066 ,
1089 4022 1092 4029 ·
1253 3973 1258 3991 ¹

1085 4105 1095 4125 .
1293 4117 1309 4130 .
1322 4110 1352 4168 4⁴
