2950 5092
154 477 158 488 ·
274 474 344 551 124
494 410 1097 574 'ourrorn.nu1r.non.·
1217 466 1226 492 t
1370 402 1377 411 ’

229 618 237 631 ⁸
269 646 414 738 equrlrm
446 646 507 718 elie
536 650 635 719 rot'de
664 650 687 717 b
710 668 740 735 p.
779 650 858 719 item
883 650 1054 719 cordrmb
1084 670 1101 717 e
1126 646 1268 753 equalem
1288 652 1338 741 ipit

207 838 216 853 ⁸
268 761 348 845 gdt
380 764 441 833 erit
470 764 553 833 enim
579 768 711 849 ungulus
736 766 760 833 b
784 785 841 833 ae
873 764 993 850 equalis
1021 770 1135 852 angulo
1165 782 1224 850 ga
1249 768 1271 834 d
1292 788 1339 837 an·
1388 770 1389 859 1

267 866 393 963 gulo'g
417 900 473 947 re
503 878 585 949 stilo
612 878 782 955 communi.
843 880 925 949 Cum
946 880 1054 971 itaqup
1079 876 1210 965 angulus
1237 902 1254 951 e
1279 904 1295 949 a
1318 882 1339 949 d

266 994 386 1081 equalis
414 996 529 1083 poitur
554 996 589 1065 sn
618 995 733 1091 angulp
763 996 786 1063 b
816 996 1028 1082 arduoque
1051 997 1156 1086 anguli
1176 1016 1193 1064 rr
1214 998 1237 1067 b
1262 989 1285 1065 d
1310 1008 1340 1065 et
1388 992 1389 1073 1

265 1130 321 1176 ae
347 1112 370 1177 d
400 1116 538 1196 equales,
580 1110 668 1202 quod
694 1109 727 1177 in
749 1128 848 1179 unum
869 1130 975 1181 orrum
997 1112 1057 1187 nd
1078 1113 1213 1195 cudant,
1251 1124 1340 1183 erunt

266 1232 329 1310 32²
352 1224 447 1311 primi
477 1224 645 1293 adiuuante
673 1224 739 1293 duo
768 1224 919 1309 trianguli
942 1246 958 1293 a
984 1226 1007 1295 b
1030 1227 1051 1293 h
1071 1238 1102 1297 et
1127 1248 1144 1295 r
1167 1230 1228 1297 ed
1253 1228 1341 1317 equi·
1388 1222 1389 1289 1

262 1340 388 1425 unguii,
435 1360 531 1427 quare
559 1360 619 1427 per
650 1352 792 1427 quartam
824 1339 906 1411 soxti
936 1342 1102 1431 proportio
1127 1342 1150 1409 b
1174 1342 1339 1414 hattho
1388 1374 1389 1419 ι

259 1455 336 1524 'sicut
360 1476 377 1521 e
399 1454 421 1521 d
443 1464 475 1521 et
496 1452 569 1520 ideo
595 1454 618 1521 b
641 1472 663 1539 g
683 1455 723 1523 od
749 1456 821 1526 ad.
867 1456 1009 1525 Similem
1030 1457 1238 1545 probabimus
1259 1458 1338 1527 duos

265 1572 441 1666 triangulos
470 1588 487 1635 a
512 1566 578 1635 hd
611 1581 642 1637 et
663 1590 679 1635 a
701 1570 724 1637 b
752 1591 768 1637 e
796 1568 856 1639 elie
882 1572 1088 1659 equirngnlor
1110 1582 1142 1641 et
1163 1572 1238 1643 ideo
1261 1593 1337 1663 pro·
1388 1556 1389 1559 ¹

110 1728 115 1737 ·
170 1772 177 1785 ,
260 1684 441 1774 portionem
468 1704 486 1751 a
510 1683 532 1749 h
557 1684 597 1751 ad
616 1682 678 1753 hd
705 1684 766 1753 elie
789 1684 864 1755 sicut
890 1704 907 1753 a
930 1685 952 1753 b
977 1686 1016 1755 rd
1043 1685 1065 1752 b
1090 1684 1187 1754 estur
1211 1688 1251 1756 nd
1270 1689 1337 1775 gd.

257 1800 324 1894 sed¹
338 1800 504 1903 proportio
529 1820 545 1867 t
569 1799 592 1867 b
616 1800 656 1867 od
679 1798 700 1865 h
724 1801 746 1869 d
771 1788 972 1899 componitur
997 1820 1038 1867 ex
1054 1778 1176 1870 duobus
1200 1818 1338 1891 propor-

250 1915 409 1998 tionibus,
435 1915 554 1985 scilicet
579 1912 789 1999 proportione
812 1912 897 1981 liner
920 1914 1039 1983 bhad
1061 1916 1081 1981 h
1103 1936 1121 1983 t
1146 1926 1178 1985 et
1198 1937 1337 2005 propor-

104 2009 108 2023 '
195 2025 201 2096 J
255 2029 734 2141 tionehoadhdqunrum
762 2025 1018 2116 primoquidem
1043 2026 1144 2097 estut
1170 2031 1234 2115 bg
1259 2032 1337 2101 adr

121 2208 128 2219 .
257 2152 292 2229 d,
324 2148 459 2217 secunda
484 2166 561 2214 uero
587 2154 621 2211 nt
643 2163 660 2209 r
680 2142 703 2209 b
729 2141 769 2207 ad
790 2156 813 2223 g
833 2140 866 2221 d,
888 2161 929 2233 ox
951 2142 1066 2230 quibus
1082 2164 1152 2231 per
1177 2161 1223 2230 24
1251 2140 1336 2215 sexti

255 2263 460 2349 componitur
485 2258 578 2326 etiam
602 2244 769 2343 proportio
792 2254 859 2323 eius
884 2260 971 2341 quod
995 2255 1053 2327 sub
1076 2260 1133 2329 ab
1154 2270 1185 2333 et
1204 2262 1227 2329 b
1250 2282 1274 2349 g
1294 2262 1335 2331 od

103 2423 109 2439 .
252 2383 290 2451 id
314 2378 400 2468 quod
425 2373 611 2478 subridet
633 2370 656 2439 d
679 2389 713 2456 g.
740 2360 836 2457 quare
854 2371 1020 2458 proportio
1043 2372 1065 2443 b
1091 2368 1113 2441 h
1137 2378 1176 2445 rd
1194 2378 1216 2447 d
1234 2376 1291 2443 eh
1311 2378 1334 2445 d
1381 2374 1383 2381 '

253 2494 298 2565 est
321 2492 451 2563 utrius
475 2479 562 2571 quod
585 2484 643 2553 sub
669 2484 732 2551 ab
759 2498 790 2553 et
818 2486 884 2571 bg
911 2484 1006 2553 adid
1033 2491 1120 2575 quod
1148 2492 1333 2565 continetur

252 2611 312 2683 sub
341 2632 359 2679 a
382 2610 405 2678 d
433 2619 465 2677 et
489 2605 573 2688 dg,
598 2611 630 2669 et
653 2600 714 2669 hoc
741 2612 807 2669 erat
833 2602 1098 2677 concludendum.
1224 2614 1226 2623 ’

335 2859 368 2931 8.
395 2851 486 2919 Dotis
507 2860 643 2935 quotuor
663 2848 819 2919 lateribus
842 2848 1052 2953 quadranguli
1074 2852 1196 2923 circulo
1217 2850 1332 2924 inscri-
1377 2922 1389 2948 ι,

247 2969 297 3061 pti
325 2968 492 3057 proportio
518 2966 745 3035 diametrorum
776 2964 843 3033 eius
878 2964 960 3033 inter
989 2964 1020 3033 se
1053 2968 1179 3053 connita
1204 2971 1329 3041 ueniet.

155 3103 157 3108 ⁴
245 3083 420 3173 Resumpto
445 3083 546 3171 priori
565 3080 769 3168 figuratione.
804 3078 862 3147 srnt
883 3079 956 3147 date
982 3094 1116 3168 quatuor
1140 3081 1225 3151 liner
1251 3104 1271 3151 a
1294 3086 1331 3167 b,
1388 3080 1389 3175 1

244 3203 268 3269 b
290 3220 323 3286 gr
345 3218 367 3283 g
391 3200 413 3269 d
435 3214 467 3268 et
494 3218 511 3267 a
534 3196 568 3267 d.
609 3196 693 3263 Dico
715 3194 803 3283 quod
831 3194 999 3283 proportio
1022 3198 1044 3265 b
1069 3198 1092 3265 d
1112 3198 1330 3271 dirmetrilrd

246 3305 402 3401 agnota
423 3314 580 3403 prodibit.
623 3312 698 3379 Erat
720 3310 865 3379 enim'ex
885 3312 1073 3399 procedenti
1093 3313 1115 3381 b
1141 3311 1163 3377 lr
1188 3312 1228 3381 od
1255 3314 1278 3379 h
1304 3312 1329 3381 d

242 3432 319 3513 siout
341 3430 410 3499 eius
432 3428 520 3515 quod
544 3424 603 3497 sub
624 3447 642 3495 r
662 3426 686 3522 b
708 3437 741 3495 et
761 3426 783 3493 b
805 3424 909 3509 gnoti
930 3438 1063 3513 propter
1084 3426 1246 3517 ypothesm
1283 3430 1329 3499 nd

240 3548 277 3617 id
303 3545 390 3635 quod
417 3538 476 3613 sub
508 3541 633 3620 odet
660 3542 862 3629 dgnotum
890 3538 1040 3633 sumetur.
1082 3540 1122 3611 stc
1146 3544 1325 3633 proportio
1388 3538 1389 3633 1

239 3660 306 3733 bh
330 3661 370 3729 ad
395 3661 418 3729 h
442 3659 465 3728 d
489 3666 568 3729 notar
582 3656 742 3729 redditur.
776 3668 812 3725 ‘et
837 3656 912 3727 ideo
939 3655 1127 3763 conlundim
1148 3660 1326 3747 proportio
1388 3660 1389 3755 l

239 3776 308 3846 bd
333 3774 373 3843 td
397 3773 419 3840 h
440 3774 463 3843 d
484 3793 549 3843 nou
574 3770 774 3862 eritignotr·
818 3772 970 3847 Similiter
995 3792 1055 3859 per
1080 3772 1182 3843 omnir
1203 3776 1328 3863 probo·

239 3892 338 3971 bitur,
364 3889 604 3979 proportionem
630 3908 648 3956 a
676 3889 865 3974 rditneui
890 3888 930 3964 ud
951 3904 973 3971 ς
997 3886 1019 3953 h
1045 3888 1114 3961 lieri
1142 3890 1325 3975 comitam,

194 4024 198 4031 ·
239 4002 724 4092 mautemrhrdnddna,
747 4023 840 4093 quam
860 4002 1253 4095 irrutbirtdhrper
1272 4022 1324 4095 34
