2950 5092
91 461 92 478 Ν
209 441 213 472 “
291 538 362 622 150
531 474 786 614 oroororn.
819 473 944 658 nrrr.
977 501 1122 610 non.¹

289 732 458 804 numquam
482 714 516 788 in
541 719 758 792 numeratione
780 723 956 808 argumenti
975 721 1047 796 solie
1069 696 1242 794 erraremus
1262 717 1355 806 io‘ssr·

291 843 337 918 27
365 829 491 904 minutio
514 850 576 924 50,
623 835 739 927 quibos
760 837 846 927 apud
878 857 990 926 rogem
1016 839 1164 908 erentrici
1192 831 1354 926 respondet

289 949 359 1022 fere
386 967 465 1018 unos
493 951 610 1038 gradus
639 953 681 1022 da
703 954 870 1043 aquatione
897 950 977 1024 solio.
1019 965 1052 1023 et
1076 951 1152 1040 ideo
1175 949 1208 1020 in
1234 969 1357 1037 compo·

289 1063 407 1161 tatione
432 1056 534 1138 motus
555 1065 626 1138 solie
652 1069 721 1140 ueri
744 1082 904 1142 erraretur
919 1069 951 1142 in
971 1069 1071 1154 grado
1087 1089 1149 1167 uno
1172 1067 1251 1145 iere,
1279 1061 1359 1152 quud

287 1189 441 1268 quarttum
463 1181 495 1252 itt
518 1181 745 1255 ineonueniena
770 1183 803 1252 in
824 1181 949 1260 iudiciis
971 1182 1114 1266 dandis,=
1132 1182 1175 1252 ‘in
1198 1179 1358 1269 eeiipitbur

155 1302 165 1332 ¹
288 1303 322 1362 ot
349 1291 462 1362 ceteris
488 1293 584 1365 rebus
603 1315 697 1368 nemo
720 1295 868 1384 ignorare
889 1295 998 1368 debet.
1050 1297 1199 1368 Preterea
1224 1291 1290 1364 sole
1311 1311 1361 1360 en·

288 1419 383 1478 eunte
406 1411 438 1512 itt
460 1408 619 1496 principio
646 1409 753 1480 arietie
778 1411 926 1503 ecliptico
950 1413 1013 1482 fine
1034 1407 1207 1480 secundum
1234 1426 1361 1496 compo·

252 1512 254 1525 ’
286 1523 437 1595 tationem
457 1521 583 1596 distabit
603 1525 644 1596 rb
669 1539 821 1620 equatore
844 1525 950 1600 aretina
970 1525 1218 1615 septentrionem
1240 1521 1275 1592 io
1297 1537 1361 1608 gra·

286 1637 385 1708 eiibus
409 1641 478 1711 iere
504 1635 539 1720 6„
601 1641 771 1732 Quomodo
807 1641 907 1730 igitur
940 1639 1028 1709 satum
1061 1639 1132 1709 solis
1159 1645 1363 1726 inaequatum

286 1765 470 1852 computare
498 1755 699 1844 poterimus?
742 1755 808 1830 scu
832 1753 943 1826 dehis
970 1751 1130 1824 nouenos
1194 1749 1361 1823 Desceudo

143 1917 153 1942 t
286 1867 328 1938 aei
349 1863 474 1958 spherae
495 1871 672 1952 inferiores,
707 1869 876 1944 Saturnum
901 1881 1004 1939 tamen
1027 1878 1059 1938 et
1081 1867 1188 1940 Iouem
1208 1871 1364 1956 preterire

223 1979 230 2004 ⁹
284 1984 364 2054 libet
387 1983 473 2074 quod
494 1987 555 2056 eeii
579 1981 627 2056 sul
651 2005 714 2054 non
735 1997 798 2054 tam
818 1983 987 2056 inueterati
1010 1981 1090 2066 sunt,
1118 1993 1153 2052 ut
1177 2003 1268 2052 moro
1291 2001 1364 2068 quo·

208 2163 214 2175 ,
283 2099 418 2170 araneam
438 2101 567 2186 loquar.
596 2117 689 2188 quam
712 2101 830 2168 toartia.
895 2093 989 2166 visua
1012 2093 1056 2165 est
1077 2115 1157 2168 mara
1179 2095 1212 2168 in
1236 2101 1309 2166 ceio
1336 2105 1365 2162 et

207 2205 211 2230 '
284 2225 435 2300 computo
457 2213 587 2282 differre
610 2231 669 2298 per
690 2211 771 2278 eluoa
793 2209 926 2294 gradus:
951 2229 1011 2298 per
1030 2209 1213 2280 relationem
1239 2211 1282 2278 aei
1298 2207 1365 2276 stol·

282 2331 328 2399 ira
353 2297 445 2398 fin?
459 2339 491 2398 et
516 2327 590 2396 aliar
620 2323 908 2404 considerationes,
942 2343 1004 2392 non
1031 2345 1188 2414 uunquam
1213 2326 1366 2395 differem

282 2445 327 2516 tia
347 2438 525 2512 huiusmodi
546 2441 639 2510 unius
660 2443 776 2524 gradus
799 2449 831 2507 et
856 2437 982 2508 dimidii
1010 2445 1149 2510 cernitur
1174 2453 1206 2510 et
1234 2457 1366 2530 quoque

174 2533 176 2544 ¹
283 2561 382 2632 multo
409 2558 524 2632 minor.
595 2555 734 2644 Quidam
761 2565 865 2622 autem
896 2551 1088 2640 impotenter
1109 2553 1193 2626 huot
1218 2573 1365 2624 errorem

281 2652 447 2742 r'adieibue
477 2667 654 2742 mediorum
688 2679 832 2742 motuum
852 2683 961 2757 preter
977 2670 1135 2745 ratitmem
1159 2671 1384 2742 defecerunt..

281 2807 353 2858 nam
378 2787 398 2856 n
423 2781 635 2854 io'radicibue
662 2782 840 2856 huiusmodi
862 2785 1038 2856 mediorum
1060 2797 1200 2858 motuum
1224 2796 1367 2858 tamtum·

280 2899 379 2976 modo
405 2917 495 2968 error
522 2895 614 2982 eiiet,
660 2911 824 2990 oporteret
845 2897 977 2996 duarum
998 2917 1061 2988 que
1085 2897 1128 2968 eii
1148 2899 1235 2972 inter
1258 2905 1367 2974 ioeum

281 3027 497 3106 computatum
527 3025 559 3084 et
582 3015 687 3084 inarum
710 3033 820 3107 uerum
845 3011 970 3088 unicam
991 3013 1149 3088 inueniri:
1186 3013 1281 3103 quod
1304 3033 1368 3084 non

280 3133 489 3220 eontperitur.
535 3131 619 3202 uncie
648 3125 763 3198 metito
799 3123 1003 3200 estimandum
1037 3125 1080 3198 eii
1109 3129 1384 3205 ecentaieitatem·

280 3249 349 3320 eiua
380 3259 433 3318 aut
454 3243 720 3333 semidiametrum
752 3241 879 3330 epieioii
905 3265 967 3316 non
989 3241 1118 3334 proritat
1142 3243 1227 3314 reeie
1250 3245 1368 3315 inucn·

277 3374 327 3436 tua
350 3361 423 3436 eiie.
460 3359 534 3476 neri
549 3375 652 3431 tamen
674 3365 792 3430 interea
818 3355 920 3443 potest
941 3372 976 3432 ut
997 3361 1211 3434 reuolutioner
1238 3361 1369 3434 modio·

277 3499 350 3550 rum
380 3485 520 3548 motuum
546 3468 669 3564 'aliquid
700 3473 816 3542 erroris
850 3473 883 3546 in
916 3483 1060 3563 tempore
1088 3470 1219 3546 notabili
1245 3481 1368 3544 immit-

277 3601 365 3676 tant,
406 3588 460 3662 sed
494 3601 526 3662 et
560 3589 682 3662 redicea
709 3570 890 3660 mediorum
917 3600 1059 3662 motuum
1088 3590 1181 3660 etiam
1211 3609 1368 3660 errorem

277 3706 381 3796 ipsum
405 3727 524 3806 augere
544 3727 607 3782 nott
632 3699 735 3794 potest
760 3703 879 3794 negari.
931 3704 975 3777 At
998 3707 1138 3796 lengum
1135 3717 1285 3796 tempus
1308 3709 1367 3775 tiu·

275 3827 324 3898 xit
346 3843 363 3894 a
383 3825 567 3922 ptolemeo
566 3821 606 3891 ael
627 3819 713 3892 hune
738 3817 858 3892 diem’
848 3837 881 3917 ,¹¹¹
902 3841 966 3922 quo
988 3819 1094 3892 medio
1121 3821 1239 3894 tameti'a
1264 3823 1369 3894 Alba·

142 3927 144 3941 ’
276 3915 365 4024 te'rni
401 3949 432 4010 et
465 3937 573 4028 ueteri.
585 3948 687 4012 motua
716 3902 921 4018 luminarium
940 3937 1167 4010 emendatiores
1197 3937 1370 4010 reddide-

275 4051 340 4126 rint
367 4053 505 4146 reliquas
530 4065 633 4128 tamen
663 4051 815 4152 quinquo
826 4051 975 4129 erraticae
995 4044 1133 4141 intritae
1160 4055 1231 4128 fere
1261 4052 1370 4240 ‹isarni-

1296 4187 1370 4240 ere.
