2950 5092
340 508 498 595 urrsr.
525 449 950 597 nrorontournur.
1000 468 1015 493 ‘
1134 544 1182 623 93
1202 463 1228 547 ’·
1286 457 1287 469 ¹

139 710 202 783 duat
219 706 392 779 altitudines
416 706 605 779 meridianas
627 697 801 799 inequales.
863 712 899 783 In
935 683 1076 799 qualibet
1105 730 1202 801 ergo·

104 891 106 906 ,
138 824 312 895 reuolutiono
336 824 433 913 primi
458 824 585 895 mobilis
608 840 743 915 quatuor
767 826 864 895 hebet
890 846 907 893 e
929 823 1102 905 meridiano
1118 838 1185 897 tan·

139 952 175 1005 tas
197 938 359 1018 distantiae,
383 950 529 1027 quantam
563 960 622 1011 uos
647 940 793 1030 posuistis
819 960 925 1023 unam.
979 940 1101 1026 Accepi
1132 960 1186 1011 au·
1227 974 1232 987 ·
1280 1000 1283 1014 .

138 1066 188 1121 tem
209 1054 377 1124 distantiam
404 1078 420 1123 a
446 1050 610 1135 superiore
643 1070 736 1144 parte
762 1054 942 1123 meridiani.
1008 1055 1092 1123 Num
1121 1074 1186 1127 non
1223 1095 1224 1105 r

136 1167 274 1238 difficilius
294 1166 498 1239 reddidissem
517 1170 715 1239 altitudinem
735 1130 819 1239 siam
852 1188 915 1257 que
941 1168 1077 1238 debetur
1098 1180 1184 1238 tante

137 1280 257 1353 distantie
277 1305 293 1352 a
315 1298 405 1375 parte
428 1280 572 1350 inferiori
600 1274 695 1369 ipsius
721 1282 900 1357 meridiani,
930 1294 962 1353 et
986 1284 1185 1356 altitudinem

135 1392 204 1465 lello
221 1402 415 1489 compositam
437 1397 545 1466 inueni
563 1414 614 1481 gr.
627 1412 674 1485 54
688 1398 763 1469 min.
779 1412 837 1487 34.
879 1397 927 1464 De
943 1396 1004 1464 hoc
1020 1396 1081 1465 iam
1102 1395 1184 1467 satir.

150 1491 156 1543 ¹
184 1512 229 1579 tid
249 1512 377 1582 tertium
404 1534 466 1602 quo
491 1510 609 1583 dicitis.
659 1512 777 1598 ¹Quero
814 1512 895 1579 duos
925 1532 1072 1581 numeros
1108 1534 1186 1597 pro·

134 1625 304 1709 portionales
335 1641 371 1697 ut
412 1644 430 1715 5
459 1630 498 1699 ad
532 1632 565 1706 8·
602 1646 736 1714 quorum
759 1626 799 1693 ad
826 1624 963 1697 inuicem
994 1626 1186 1715 produiium
1224 1616 1227 1627 ’

135 1752 246 1825 equetur
266 1744 486 1830 aggregationi
507 1740 657 1830 ipsorum.
706 1742 780 1809 Hoc
803 1738 851 1834 ¹esl
873 1743 959 1811 aliud
981 1762 1081 1829 genos
1108 1764 1186 1831 que·

133 1846 254 1922 limum.
293 1858 438 1927 Profelto
471 1858 527 1925 nist
547 1854 711 1925 molestum
737 1856 925 1937 uideretur,
952 1856 1045 1923 tantis
1069 1856 1186 1925 litteris

132 1984 180 2033 um
196 1970 354 2041 dumtaxat
375 1974 448 2039 uico
476 1964 697 2060 ‘responderej
729 1970 810 2039 duos
836 1970 1047 2061 producerent
1073 1970 1186 2040 modos
1239 2060 1241 2067 y
1304 1972 1305 1980 ’

133 2080 229 2165 quibus
252 2084 330 2153 huic
359 2084 553 2168 interrogato
588 2082 785 2169 sufficerem,
816 2084 872 2153 sed
900 2092 1048 2151 neutrum
1077 2102 1187 2155 eorum

133 2194 236 2263 luniso
256 2197 429 2265 dominatio
455 2196 569 2268 Vestro
601 2200 759 2284 expellat.
797 2218 895 2291 quare
916 2216 976 2285 per
1004 2197 1097 2265 alium
1123 2212 1187 2265 ter·

132 2308 195 2377 tium
212 2308 414 2400 respondebo
435 2314 576 2396 modum,
597 2335 661 2403 quo
683 2312 937 2385 demumtcietis
960 2324 1058 2379 artem
1084 2310 1133 2379 rei
1153 2323 1186 2383 et

133 2422 222 2495 census
246 2433 380 2513 (uocant
408 2428 534 2498 arabice
576 2430 753 2515 algebram)
788 2429 865 2501 mihi
889 2426 955 2497 else
988 2426 1185 2499 familiarem.

131 2536 201 2609 luno
220 2544 358 2631 primurn
379 2543 543 2631 priorem,
574 2544 659 2611 uode
681 2563 722 2611 ex
743 2540 882 2633 ypotlrelr
908 2540 1007 2615 uestra
1030 2538 1188 2615 secundus

133 2665 179 2733 erit
206 2661 253 2758 r}
285 2671 353 2755 rei,
385 2672 470 2740 duco
501 2675 635 2740 alterum
661 2670 695 2737 in
724 2674 879 2751 alterum,
914 2668 1114 2776 Ρῐθᾶὓΰῑῑυΐ,
1136 2650 1188 2759 si

132 2790 231 2864 tensus.
268 2800 347 2867 item
371 2798 529 2883 coniungo
555 2818 636 2881 eor,
668 2794 820 2867 resultent
861 2786 926 2889 αξ.
960 2795 1062 2865 habeo
1088 2798 1189 2881 igitur

132 2910 221 2981 consue
256 2918 385 3001 equales
420 2915 530 2983 rebus.
572 2930 671 3000 quere
709 2909 882 2981 seeundum
915 2924 1070 3001 precepta
1109 2913 1187 2983 artie

131 3028 235 3105 trenno
267 3028 399 3101 inuenio
429 3027 585 3096 minorem
610 3044 776 3097 numerum
810 3044 919 3096 eorum
948 3023 1026 3115 quor
1053 3024 1187 3113 queritie

134 3148 174 3241 ¹i
196 3158 354 3227 'maiorem
382 3166 487 3225 autem
517 3148 579 3241 ἢ.

183 3274 324 3361 Queritis
346 3283 458 3361 quarto
480 3270 523 3339 de
549 3286 591 3338 ro
613 3272 719 3338 faeere
745 3270 823 3340 duas
841 3286 947 3361 partes
971 3292 1101 3366 quprum
1123 3295 1187 3345 ma·

131 3383 212 3457 iorem
236 3382 473 3479 perminorem
499 3386 686 3469 diuidendo,
709 3399 741 3456 ot
761 3386 838 3455 item
859 3372 1014 3459 minorem
1039 3410 1098 3478 per
1118 3410 1188 3461 ma·

131 3501 404 3597 iorem,¹nomeros
435 3501 607 3591 quotientis
638 3500 819 3589 colligendo
853 3498 1002 3572 resultent
1025 3518 1081 3591 25.
1121 3504 1189 3577 Ro.

129 3612 253 3702 spondeo
280 3598 431 3707 ponendo
461 3618 602 3705 primum
622 3617 763 3706 priorem
792 3630 825 3687 et·
844 3612 1016 3687 secundum
1037 3619 1189 3705 quemad-1

131 3734 242 3803 modum
266 3754 319 3803 rer
339 3730 475 3823 postulat
508 3748 552 3799 ιο
583 3734 738 3805 minorem
763 3733 861 3803 iciroo
891 3734 1029 3821 primum
1056 3733 1189 3807 inuenio
1257 3782 1259 3791 ι

132 3865 322 3943 §minorem
360 3864 468 3933 radice
496 3864 538 3931 de
574 3855 684 3949 211⁸„
720 3859 877 3933 seeundur
899 3874 1003 3931 antem
1025 3872 1057 3933 et
1086 3863 1187 3933 maior

130 3988 165 4057 est
187 4009 216 4079 ς.
258 4008 291 4065 et
323 3995 415 4066 radix
445 3991 598 4081 quadrata
630 3992 673 4061 de
709 4006 750 4057 ar
770 3968 846 4081 ἦ(
898 3989 1066 4061 Habebam
1101 3991 1188 4064 enim
1277 3968 1280 3983 ⁸

130 4105 241 4186 censum
262 4109 298 4181 et
319 4126 485 4185 numerum
506 4112 651 4198 equalem
671 4106 777 4185 rebus.
830 4108 932 4193 luitur
952 4103 1087 4185 secundi
1108 4122 1188 4235 pare

1125 4231 1186 4293 ent
