2950 5092
354 509 960 667 rursmurmonournur.
1097 502 1190 627 ⁸18³

130 733 220 806 quero
246 720 336 790 initia
361 693 527 792 domorum
552 721 746 806 reliquarum
776 721 810 789 in
833 721 964 807 regione
984 719 1121 788 habente
1144 719 1192 788 la·
1324 801 1334 822 t

130 836 288 904 titudinem
315 835 470 921 graduum
497 837 554 907 26.
595 837 710 936 Vtrum
736 848 840 903 autem
860 836 973 918 modus
1001 838 1053 902 illc
1077 834 1225 903 domos*
1292 874 1296 886 ι

127 949 330 1035 distinguendi
351 952 562 1038 acceptandus
596 950 631 1034 fit
652 970 690 1018 an
714 969 778 1018 non
796 948 951 1038 posterius
976 947 1189 1029 disserendum

127 1061 239 1134 censeo.

196 1211 276 1278 Cum
305 1210 340 1278 su
360 1207 646 1296 possibile‘gredus
677 1210 754 1296 ugni
786 1207 983 1278 ascendentis
1009 1221 1041 1278 et
1069 1210 1186 1296 maduo
1256 1205 1260 1214 '
1291 1232 1294 1240 ·

124 1323 189 1404 ligni
212 1328 244 1392 in
263 1327 369 1392 medio
391 1325 453 1393 celi
473 1325 645 1408 exlstentis,
671 1329 799 1414 equales
825 1324 885 1394 esse
908 1347 1053 1397 numero.
1080 1337 1186 1393 utrum

124 1441 297 1518 angulorum
324 1436 503 1508 assimilabis
532 1462 609 1508 uero
641 1444 712 1508 loco
738 1445 866 1527 planete
892 1437 1031 1510 Vidoris
1055 1437 1088 1504 in
1112 1439 1183 1505 loco

123 1552 335 1622 coniunctionis
364 1557 416 1622 ucl
443 1555 647 1642 opposuionis
668 1553 817 1642 proximo
842 1526 1045 1642 precedentis
1070 1551 1184 1621 natiui-

124 1678 217 1734 toenr.
259 1667 368 1738 Verbi
397 1669 498 1752 gratia
523 1670 557 1737 sn
577 1670 647 1738 finis
672 1665 753 1734 sexti
774 1671 890 1754 grados
912 1668 1044 1754 piscium
1065 1669 1098 1735 in
1119 1687 1184 1736 me·
1221 1667 1227 1674 '

121 1780 230 1850 ridiano
259 1795 294 1850 et
320 1783 390 1852 linis
420 1779 501 1848 sexti
528 1783 645 1867 gradus
670 1781 775 1848 cancri
801 1784 835 1850 in
855 1783 987 1853 oriente.
1056 1785 1182 1854 Vellem

121 1915 234 1983 quoque
258 1896 340 1966 scire
356 1895 563 1970 latitudinem
586 1877 726 1980 regionis
746 1897 781 1965 in
807 1918 869 1984 qur
894 1897 979 1968 cosus
1004 1897 1058 1968 ille
1085 1897 1181 1966 soleat
1207 1941 1214 1963 i
1329 1929 1354 1968 η

100 2011 247 2096 leucuirc.
282 2033 310 2064 ·-

100 2155 101 2160 ’
186 2159 298 2228 Venus
330 2168 466 2246 ponatur
494 2153 685 2242 percurrisse
707 2169 789 2228 uero
812 2167 901 2226 moto
925 2152 981 2227 suo
1012 2158 1179 2240 vgradus
1286 2245 1291 2256 ι
1345 2251 1349 2260 1

122 2277 145 2334 et
171 2269 288 2340 minuta
315 2285 371 2356 25.
402 2274 537 2352 arietis,·
561 2271 680 2340 habens
706 2272 906 2342 latitudinem
939 2269 1177 2358 septemtrione·

120 2383 169 2448 lem
192 2401 237 2466 gr.
261 2380 284 2448 6
307 2394 340 2450 et
358 2385 507 2456 minutor.
534 2401 589 2473 17.
616 2406 715 2473 quero
740 2388 775 2454 in
800 2407 864 2474 quo
886 2383 1004 2472 punsio
1025 2386 1175 2471 ecliptico

100 2503 102 2564 ἶ
121 2499 290 2568 terminetur
309 2498 391 2566 linea
411 2499 495 2568 nella
519 2500 705 2568 radiationis
727 2497 781 2569 sue
810 2500 950 2582 trigone:
1013 2503 1099 2570 Volo
1123 2501 1173 2568 di·

120 2628 196 2684 cerer
225 2611 376 2680 ducendo
400 2609 515 2682 lineam
540 2615 655 2684 tesiam
677 2619 890 2684 aloco'uero
908 2616 1045 2684 Veneris
1066 2615 1174 2683 secun·
1225 2695 1228 2705 ,

100 2723 181 2794 lon
198 2727 430 2814 longitudinem
456 2741 492 2818 et,
506 2728 715 2808 latitudinem,
742 2729 782 2796 cd
806 2728 982 2814 eclipticam
1008 2748 1072 2814 quc
1092 2726 1175 2795 linea
1254 2813 1257 2818 Ι

121 2839 145 2905 il
166 2843 278 2929 equalis
304 2841 395 2910 lateri
416 2842 564 2924 trianguli
585 2839 752 2928 equilateri
779 2840 1005 2928 circumscripti
1031 2843 1072 2910 ab
1097 2844 1174 2910 ecli-

119 2955 198 3037 ptica.
224 2969 325 3044 quero
348 2957 418 3044 quis
445 2955 578 3043 punitus
601 2956 751 3044 ecliptice
776 2958 923 3026 terminat
945 2955 1027 3023 banc
1046 2957 1171 3025 lineam.

119 3067 250 3138 Similiter
272 3071 392 3162 possem
413 3090 592 3159 proponere
613 3072 655 3140 de
677 3072 745 3140 aliis
769 3071 1006 3142 radiationibus.
1064 3074 1170 3158 Quan-

119 3193 170 3252 un
187 3167 302 3266 rutero,
326 3184 380 3252 nist
407 3203 457 3268 mc
483 3186 561 3252 fallit
589 3187 720 3274 opinio,
745 3188 857 3275 modus
885 3185 940 3254 ille
960 3184 1170 3256 radiationum

119 3300 299 3372 conscrrctsr
322 3297 355 3368 iu
372 3295 461 3368 usum
481 3291 666 3384 sumeretur,
692 3303 812 3371 slentio
832 3321 915 3383 nunc
929 3301 1168 3388 preteribimus.

119 3409 168 3478 Sed
191 3415 249 3482 iom
271 3415 406 3482 colamus
427 3412 581 3482 arcendus
603 3411 657 3494 eli,
683 3435 725 3488 ne
744 3415 953 3484 tumultuariis
972 3415 1085 3482 litteris
1104 3436 1167 3483 ma·

119 3523 155 3602 lis
178 3530 314 3614 gaudere
340 3527 487 3596 uideatur
512 3548 605 3614 quam
627 3527 749 3613 aliquid
767 3531 853 3612 frugi
873 3533 1028 3618 proferre.
1067 3509 1167 3599 Dabis

119 3657 178 3721 ergo
205 3665 263 3728 pro
287 3641 525 3712 mansuetudine
551 3637 605 3709 tua
631 3642 756 3711 ueniam
782 3657 815 3711 et
841 3644 970 3712 domino
991 3645 1166 3713 otimiano

117 3747 188 3824 suum
211 3757 396 3828 seruitocem
419 3759 570 3844 Joanncm
596 3757 843 3829 commendabis.
898 3758 990 3832 'Vale
1014 3759 1164 3838 feliciter.

117 3865 195 3957 Apud
214 3873 338 3944 balneas
360 3869 577 3942 uitcrbienses.
619 3871 674 3941 die

688 4019 781 4091 Tuus
805 4031 890 4094 totus
908 4022 962 4109 Jo.
986 4037 1162 4108 germanus.

591 4217 594 4229 =
644 4143 734 4269 Me
1125 4198 1176 4320 ⁹⁴,
