2950 5092
274 524 348 593 126
460 434 463 444 Ι
493 505 496 520 ’
532 502 785 587 BIBLIOTH.
813 502 941 584 num
968 500 1093 591 NOR·

273 703 423 775 diametri
444 704 610 791 patefient.
655 701 716 770 erit
738 701 821 769 enim
842 722 902 791 per
922 706 941 780 8
967 701 1063 772 huius
1094 690 1261 795 proportio
1282 706 1344 777 dia·

150 797 154 811 ’
272 832 445 891 metrorum
480 827 564 883 nota.
606 815 695 902 quod
729 832 836 887 autem
871 816 930 887 sub
971 818 1133 887 diametris
1170 820 1343 889 continetur

244 1005 246 1012 .
273 944 392 1021 'equum
410 930 456 1000 eli
478 930 527 999 his
554 950 616 1019 que
645 926 704 1001 sub
731 932 816 1004 binis
843 934 993 1031 lateribus
1017 934 1071 1003 lrbi
1104 934 1254 1035 oppositis
1276 954 1345 1001 cun.

194 1098 204 1114 ,
271 1050 414 1117 tinentur
440 1048 527 1117 fimul
555 1042 709 1133 sumptis,
756 1066 820 1133 que
855 1036 960 1115 autem
994 1046 1050 1117 sub
1074 1026 1159 1118 binis
1194 1050 1345 1117 lateribus

273 1165 495 1244 continentur,
527 1171 601 1230 nota
620 1157 691 1228 sunt
712 1161 847 1249 prepter
877 1164 975 1230 latera
996 1162 1063 1251 ipsa
1084 1176 1175 1246 nota,
1207 1164 1292 1233 unde
1316 1172 1346 1230 et

270 1295 333 1367 per
354 1261 589 1369 precedentem¹
608 1289 742 1362 utraque
768 1294 877 1344 cartam
907 1276 1033 1361 connita
1050 1278 1217 1347 reddetur.

358 1481 529 1559 cavatis
569 1464 704 1577 quatuor
732 1488 886 1561 lateribus
922 1484 1100 1561 huiusmodi
1133 1456 1344 1575 quadranguli

269 1602 460 1688 diametrum
473 1698 476 1707 1
489 1597 601 1674 circuli
626 1606 682 1675 ibi
710 1602 941 1695 circumscripti
971 1604 1128 1678 inuenire.
1191 1600 1344 1704 Repetite

269 1720 374 1802 figure
393 1719 610 1805 precedentes
641 1724 706 1791 dne
733 1720 818 1787 liuee
842 1741 860 1786 a
885 1721 908 1788 b
935 1721 1007 1788 etb
1033 1740 1056 1807 g
1081 1730 1155 1788 note
1182 1716 1346 1785 habebun-

99 1814 105 1823 ⁸
245 1827 323 1900 ‘tur
343 1852 403 1917 per
428 1828 610 1922 ypothesrm‚
638 1855 679 1902 ex
704 1832 894 1922 precedenti
923 1846 1027 1901 autem
1048 1826 1079 1900 et
1108 1844 1270 1917 agnota
1293 1830 1349 1896 dc·

271 1948 462 2017 clarabitur.
487 1947 663 2031 triangulus
685 1966 763 2033 ergo
783 1944 838 2015 ab
857 1966 880 2032 g
903 1946 1024 2016 circuio
1045 1942 1302 2059 circumscriptus
1311 1944 1350 2025 *)

156 2119 158 2124 ,
268 2062 462 2133 diametrum
490 2064 584 2151 ipius
605 2062 716 2131 circuli
743 2072 850 2132 notam
873 2060 1042 2133 suscitabit.
1087 2064 1269 2151 quoderat
1296 2050 1350 2130 ab'·

180 2203 182 2208 ·
268 2176 468 2247 soluendum.
532 2176 644 2244 Plures
670 2189 775 2245 autem
804 2197 875 2247 cum
905 2177 961 2245 lint
991 2176 1084 2251 modi,
1106 2196 1147 2245 ex
1176 2174 1281 2246 tribue
1306 2178 1351 2245 la·

267 2294 392 2364 teribus
416 2290 566 2375 trianguli
593 2289 751 2360 reililinei
772 2292 854 2361 notis
877 2282 1069 2389 diametrum
1091 2292 1259 2361 circuli'se
1289 2294 1350 2361 cir·

257 2399 512 2477 'cumscribentis
542 2406 706 2486 inuenire,
749 2428 820 2475 eum
847 2404 930 2494 eligo
946 2394 1008 2495 'qui
1030 2406 1146 2475 ceteris
1174 2416 1205 2474 et
1223 2406 1350 2475 facilior

269 2504 304 2603 it
330 2524 464 2594 breuior
493 2534 638 2610 apparet.
673 2502 834 2608 apn'nilo
860 2522 883 2589 b
909 2524 949 2591 ad
971 2520 1105 2629 Lineam
1128 2542 1146 2588 a
1168 2522 1190 2589 d
1210 2520 1349 2589 demitto

266 2640 566 2731 perpendicularem
596 2640 618 2706 b
643 2638 665 2703 h
695 2657 790 2724 quarn
817 2648 923 2703 notam
949 2634 1075 2705 habebo
1105 2649 1240 2726 propter
1268 2640 1350 2705 late·

232 2753 234 2762 “
266 2772 304 2821 ra
325 2751 476 2838 trianguli
499 2752 557 2820 ab
579 2770 601 2835 g
623 2752 761 2837 cognita.
804 2748 847 2817 est
873 2764 976 2819 autem
998 2754 1164 2843 proportio
1183 2750 1206 2820 b
1229 2752 1251 2820 h
1278 2774 1352 2842 per·

191 2888 195 2898 ’
265 2867 486 2956 pendicularis
519 2869 660 2956 adlatus
686 2889 704 2935 a
731 2862 754 2935 b
774 2862 851 2935 'sicut
870 2868 977 2935 interis
998 2869 1022 2935 b
1044 2880 1066 2951 g
1086 2871 1126 2936 ad
1155 2868 1351 2939 diametrum

267 2981 380 3052 circuli
399 3002 417 3049 a
435 2983 458 3049 b
473 3000 503 3065 g,
526 2998 662 3071 cumque
683 2984 878 3049 trecharum
901 2980 1052 3050 linearum
1079 2978 1133 3050 srnt
1159 2996 1247 3065 note,
1280 2986 1351 3053 dia·

99 3124 102 3131 ·
165 3150 170 3163 s
266 3109 370 3167 meter
398 3096 508 3166 circuli
536 3121 600 3167 non
622 3096 833 3183 ignorabitur.
870 3094 954 3162 hunc
980 3108 1084 3163 autem
1113 3100 1244 3164 modum
1278 3100 1352 3167 dia·

79 3255 81 3262 v
190 3285 199 3289 ,
267 3197 406 3283 metrum
429 3212 543 3281 circuli
565 3209 754 3282 inueniendi
779 3209 856 3279 alibi
878 3208 1352 3297 demonstratum'tradidi.**)

349 3421 418 3491 Sed
452 3444 493 3491 ne
518 3424 639 3497 diutius
669 3444 753 3514 equo
779 3425 984 3499 detineamini
993 3409 1018 3505 ,ἶ
1036 3428 1077 3495 ad
1103 3423 1165 3495 hcc
1191 3428 1353 3517 quefitum

267 3532 464 3623 respondere
490 3540 649 3617 licethoc
674 3541 778 3629 pauo.
843 3540 924 3611 Cum
949 3538 1004 3607 sant
1024 3538 1098 3608 date
1119 3544 1355 3629 proportiones*

138 3647 144 3654 ’
187 3655 189 3660 ’
268 3664 405 3741 quatuor
424 3653 578 3724 linearum
623 3679 663 3727 ue
684 3658 840 3746 claudere.
854 3657 976 3728 debent
997 3656 1261 3743 quadrangulum,
1286 3682 1354 3747 po·

214 3761 218 3781 '
266 3790 310 3841 uo
330 3790 392 3859 pro
413 3768 507 3840 libito
527 3679 684 3856 ¹linceiuz
709 3793 728 3840 e
754 3771 912 3859 quotlibet
937 3770 1067 3859 pedum,
1093 3784 1126 3841 et
1144 3772 1286 3863 reliquae
1313 3774 1356 3841 li-
