2950 5092
293 429 381 584 186¹
542 493 795 576 strumum
819 494 951 574 REIP.
977 495 1108 576 Nou.-

288 687 477 772 uodonem
516 687 714 758 resarciende
754 687 940 768 astronomie
981 692 1183 760 fundamenta
1225 691 1338 782 quedam

290 801 431 872 iaslasse:
473 801 527 871 sed
547 805 628 872 hanc
653 783 850 892 prouinciam
875 807 968 875 unico
988 807 1110 874 bomini
1129 805 1223 874 nimie
1246 807 1338 873 duran

290 931 326 986 et
347 939 429 1004 pene
455 917 686 1003 importabilem
711 921 783 988 esse.
819 935 970 1005 oportere
995 921 1126 1008 quidem
1151 919 1339 1002 complurium

290 1029 529 1123 obscuraturum
555 1031 743 1102 adminiculo
764 1057 801 1102 ac
825 1037 986 1122 frequenti
1011 1037 1143 1103 siderum
1167 1030 1339 1116 inspclliooe

287 1145 369 1214 banc
393 1145 495 1215 labem
521 1149 626 1232 quoad
647 1149 713 1217 eius
739 1149 810 1215 lieri
828 1147 930 1234 potest
951 1151 1134 1236 expurgari.
1178 1145 1228 1216 lui
1249 1161 1339 1212 contra

287 1259 351 1328 iam
377 1281 438 1330 non
468 1261 588 1328 causam
615 1267 716 1332 morbi
745 1263 801 1331 sed
827 1265 982 1342 modelam
1009 1265 1204 1350 queritantes
1225 1259 1340 1328 sciscita-

285 1375 404 1443 bantur
432 1378 563 1444 ubinam
589 1380 696 1446 tulium
718 1379 841 1446 studiose
865 1397 971 1470 rerum
996 1379 1117 1444 offendi
1140 1377 1271 1464 possent.
1304 1396 1341 1440 re·

206 1507 208 1516 ’
282 1486 401 1578 spondi
420 1509 481 1575 ego
502 1492 661 1576 plurimos¹
675 1491 804 1578 quidem
829 1489 938 1576 pallum
958 1491 1143 1559 astronomie
1165 1491 1276 1563 sciolos
1298 1513 1342 1576 rp-

285 1622 401 1689 parere
423 1605 480 1690 qui
500 1627 578 1692 uero
600 1619 698 1674 artem
717 1605 798 1672 hanc
819 1621 1004 1693 ceterasque
1030 1606 1265 1675 mathematicas
1290 1608 1342 1672 exi·

217 1805 221 1818 ἱ
283 1719 349 1787 mie
370 1723 478 1786 calleat
498 1718 662 1805 presertim
682 1722 715 1786 iu
730 1720 898 1786 Germania
921 1735 1032 1806 preter
1053 1742 1149 1789 unum
1173 1722 1340 1808 magistron

284 1831 495 1904 Christianum
519 1831 753 1900 Erfurdicnsem
786 1847 895 1900 extare
932 1836 1102 1904 neminem·
1164 1838 1242 1904 Hoc
1266 1838 1341 1922 pallo

283 1945 474 2034 respondere
501 1967 551 2014 me
576 1946 662 2016 itrlsrt
690 1945 839 2014 officium.
863 1947 966 2016 motta·
986 1949 1134 2046 equiciem
1153 1949 1199 2017 de
1223 1965 1275 2020 tue
1299 1971 1343 2017 ex·

188 2059 192 2074 '
283 2061 428 2130 cellentia
458 2081 529 2130 curn
557 2080 599 2128 ex
619 2061 687 2128 aliis
708 2059 870 2148 plerisque
891 2061 1037 2130 omnibus
1060 2063 1205 2130 erfordia
1230 2065 1340 2132 uenien-

282 2177 370 2246 tibus
394 2189 462 2244 tum
483 2197 523 2244 ex
551 2179 649 2243 fratre
672 2177 798 2261 Aquino
829 2179 946 2262 uolupe
972 2177 1129 2245 intellexi.
1171 2199 1280 2264 neque
1297 2180 1340 2244 de·

162 2285 166 2299 ¹
279 2293 344 2362 fuit
373 2288 582 2359 testimonium
612 2287 735 2356 loannis
761 2289 871 2358 Keller
896 2289 1095 2363 conterranei
1112 2289 1185 2356 mei
1212 2291 1268 2372 qui
1290 2311 1340 2356 oon

280 2395 378 2478 modo
406 2403 690 2472 dominantum
722 2401 778 2470 sed
799 2416 832 2471 et
851 2388 955 2472 mores
983 2425 1021 2472 ac
1050 2403 1116 2472 ulte
1136 2404 1340 2488 integritatem
1366 2400 1367 2423 ³

282 2519 428 2606 apprime
457 2517 586 2584 laudare
621 2512 727 2584 solitus
759 2517 812 2592 eli.
876 2522 964 2606 Quas
994 2531 1064 2586 tuas
1086 2520 1225 2588 uirtutes
1250 2541 1339 2587 coram

159 2678 162 2687 ι
278 2634 467 2722 proceribus
479 2627 667 2698 recensenti
688 2628 767 2696 mihi
787 2651 862 2700 mox
883 2633 1073 2719 imperatum
1094 2633 1194 2704 estut
1213 2657 1276 2722 ope
1298 2649 1338 2705 tur

278 2749 321 2818 ad
348 2761 476 2831 ceptum
508 2741 722 2826 iampridem
754 2746 924 2832 negocium
958 2751 1092 2818 fruerer.
1157 2747 1276 2834 Jtaque
1299 2749 1338 2816 uir

277 2860 452 2962 duclilstme
484 2859 545 2926 srue
572 2860 685 2924 famum
711 2871 795 2926 tuam
815 2866 986 2944 preclaram
1000 2863 1158 2946 :ampliare
1186 2864 1266 2932 uelis
1288 2863 1338 2929 srue

277 2979 437 3052 exercicio
468 2973 756 3044 matbematicrrum
784 2952 936 3060 priuatim
967 2977 1119 3044 obleslari
1153 2978 1257 3046 libeat
1287 2980 1337 3042 lue

274 3095 371 3164 etiam
395 3088 556 3174 discipulis
581 3088 646 3155 tuis
667 3087 759 3156 haud*
777 3091 937 3158 mediocre
960 3095 1160 3162 commodum
1184 3093 1337 3170 exhibere,

272 3210 381 3298 pande
409 3202 504 3294 queso
541 3203 628 3268 sores
667 3200 881 3272 beniuolentie
911 3221 966 3276 tue
1001 3221 1096 3293 atque
1130 3205 1335 3276 humanioris:

259 3341 393 3394 *nouum
415 3333 448 3386 et
470 3317 524 3386 oio
553 3335 604 3384 mc
629 3316 709 3384 follit
730 3319 849 3386 animus
871 3319 956 3390 haud
984 3327 1140 3406 ingratum
1162 3323 1242 3390 olim
1263 3326 1336 3391 futu·

272 3459 345 3512 snm
366 3433 498 3504 amicum
522 3432 633 3516 recipe
646 3436 795 3514 Joaonem
816 3433 872 3519 qui
891 3439 1061 3502 multorum
1082 3436 1268 3524 principum
1286 3439 1335 3504 do·

273 3551 400 3630 mellico
421 3547 628 3626 familiaritate
644 3543 822 3633 posthabita
844 3563 976 3634 patrono
999 3563 1165 3621 contentus
1185 3553 1281 3623 unico
1293 3554 1335 3630 *li
1367 3560 1368 3619 3

338 3677 343 3694 r
711 3693 715 3700 ,
1301 3664 1334 3733 ad
1367 3666 1368 3691 t

165 3889 170 3902 .
301 3813 632 3924 propassionem:
1240 3917 1245 3923 .

385 3942 518 4012 'triangulo
535 3939 665 3996 rectilineo
684 3943 815 4015 propofito
833 3946 965 4006 meximun
982 3941 1127 4016 quadremus
1145 3939 1284 3996 inscribere.

300 4077 353 4154 2¹)
364 4075 441 4143 carc.
456 4073 604 4138 besarione.
621 4119 628 4128 ,
